2908 4708
398 313 426 338 ¹»
502 300 573 360 mn.
598 301 664 366 xv
709 303 943 381 carni-ta
1175 303 1236 404 439
1313 287 1316 302 ’

220 475 366 544 οἷωεοελ,
394 482 516 548 Addidit
537 484 672 562 praemia
686 502 740 562 pro
762 485 904 562 maiaaqrre
915 483 1066 546 ordinaret
1082 484 1126 540 rei
1140 483 1261 555 lami-(a
1277 485 1368 555 C.⁶l.).

224 591 304 650 liaris
315 591 420 671 copiis,
440 591 595 670 linivitque
610 601 736 672 tempus,
759 591 839 650 intra
857 591 945 670 ‚quud
966 590 1084 651 effectis
1102 590 1240 686 doniibup

202 705 272 754 ‘ait
293 676 403 760 instilis.¹
416 698 632 777 apiscerentur.
673 697 785 756 Rudeii
809 697 980 776 accipiendo
1012 696 1164 756 Ostienses
1189 715 1240 772 pa·

102 792 107 800 ’
145 853 147 863 ,
222 798 304 858 ludas
335 799 527 878 destinabat,
558 804 661 882 utique
693 821 802 876 naves,
832 825 910 883 quae
928 805 1120 862 franeorum,
1136 799 1240 865 Tiberi

187 895 211 969 b
219 907 462 984 subvectassent,
492 921 617 977 onustae
642 910 765 969 rudere
799 911 1015 984 decurrerent,
1049 893 1241 985 aedificiaque

174 1079 177 1088 1
219 1014 301 1092 ipsa,
324 1025 412 1074 carta-
427 1017 471 1079 snt
492 1025 602 1097 parte,
620 1019 689 1077 sine·
704 1016 840 1076 trabibus
858 1037 927 1078 sano
944 1012 1062 1075 Gabino
1083 1013 1240 1074 Albanove

220 1117 439 1194 solidarentur,
461 1121 545 1201 quod
575 1121 700 1201 islapis
729 1123 848 1204 ignibus
881 1123 1044 1203 impervius
1071 1133 1124 1187 est.
1178 1123 1240 1180 lam

219 1241 297 1304 aqua
318 1212 504 1306 privatorum
525 1226 647 1289 boeotia
667 1231 827 1308 intercepta
860 1251 928 1309 quo
953 1229 1065 1309 largior
1090 1239 1120 1288 et
1146 1226 1240 1307 pluri·¹

130 1387 136 1398 ,
219 1329 280 1398 bus
292 1329 367 1392 locis
387 1333 423 1392 in
441 1333 596 1414 publicum
615 1334 915 1414 llueret,custoales,
936 1345 966 1392 et
989 1334 1122 1394 subsidia
1140 1333 1241 1422 repri-

165 1451 200 1495 ιο
220 1437 341 1498 mendis.
351 1439 471 1521 ignibus
489 1441 519 1500 iu
541 1441 696 1522 propatulo
715 1443 841 1523 quisque
861 1439 1007 1514 liaberet,
1031 1460 1086 1498 uec
1106 1459 1241 1498 commu-

219 1547 310 1606 nione
340 1547 510 1626 parietum,
538 1549 592 1608 sed
610 1549 738 1630 propriis
762 1567 904 1630 *quaeque
930 1548 1024 1606 muris
1041 1544 1239 1609 ambirentur.

217 1651 266 1714 Ea
288 1673 323 1716 ex
344 1652 474 1715 utilitate
493 1666 615 1740 accepta
637 1656 911 1736 decoremqnoqnc
928 1675 1022 1716 norae
1045 1650 1111 1712 urbi
1134 1650 1241 1710 attide-

216 1777 261 1817 re.
303 1758 402 1826 Erant
420 1771 522 1830 tamen
543 1767 595 1845 ipsi
614 1763 772 1824 crederent
790 1774 925 1822 veterem
948 1760 1028 1819 illam
1049 1759 1177 1818 sormun-
1193 1779 1241 1817 aa·

217 1861 352 1929 lubriteti
391 1870 485 1949 magis
518 1871 713 1946 conduxisse,
747 1870 894 1951 quoniam,
915 1870 1075 1948 angustiae-
1095 1869 1240 1928 itinerum

165 1963 203 2026 ιδλ
218 1981 252 2029 et·
269 1967 401 2034 altitudo
416 1984 567 2037 tectorum
597 1999 657 2041 non
688 1978 813 2060 perinde
845 1975 916 2040 solis
935 1995 1047 2057 uapore
1068 1995 1240 2057 perrumpe-

218 2091 340 2142 rentur:
363 2091 395 2142 at
414 2103 497 2143 nana
519 2083 652 2164 patulam
673 2084 860 2150 latitudinem
882 2097 912 2147 et
942 2085 1026 2146 nulla
1059 2083 1165 2143 umbra
1194 2081 1241 2141 de

161 2172 333 2262 illamam
351 2191 492 2270 graviore
513 2203 596 2252 aestu
616 2193 779 2258 ardescere.
821 2193 864 2254 Et
892 2193 966 2253 baec
993 2191 1114 2274 quidem
1132 2189 1240 2248 huma·

220 2299 264 2354 nis
285 2296 415 2356 consiliis
435 2298 680 2377 providebantur.
724 2301 799 2368 lll'ar⁴
824 2299 919 2381 petita
946 2299 991 2359 dis
1021 2298 1156 2380 piacula„
1175 2296 1240 2356 adi·

170 2462 175 2466 .
216 2401 300 2483 tique
331 2401 464 2484 Sibyllae
490 2403 578 2480 libri,
611 2427 644 2467 ex
676 2407 787 2486 quibus
819 2406 1019 2488 supplicatum
1040 2405 1181 2465 Volcano
1210 2413 1241 2464 et

165 2520 203 2561 ²⁰
219 2509 321 2569 Cereri
345 2498 618 2591 Proserpinaeque,
641 2532 676 2576 ac
697 2512 860 2590 propitiata
882 2514 961 2576 luno
979 2531 1035 2591 per
1061 2522 1238 2588 matronas,

217 2617 349 2696 primum
385 2617 420 2676 in
452 2616 621 2696 Capitolio,
656 2617 770 2676 deinde
813 2612 895 2698 apiad
938 2619 1110 2696 proximum
1136 2638 1239 2694 mare,

217 2723 299 2782 unde
323 2723 430 2784 bansta
457 2743 535 2804 aqua
563 2717 708 2803 templum
735 2734 766 2783 et
796 2725 990 2784 simulacrum
1011 2725 1085 2786 deae
1108 2745 1240 2804 persper-

216 2849 287 2886 sum
305 2840 370 2907 est,
391 2842 421 2890 et
450 2829 623 2893 sellisternia
652 2852 688 2890 ae
709 2831 862 2911 pervigilia
892 2833 1082 2893 celebravere
1111 2830 1265 2891 feminae*

217 2934 326 3014 quibas
348 2939 450 2997 mariti
471 2949 567 2999 erant
618 2935 684 2996 Sed.
701 2957 762 3002 nou
789 2957 846 3016 ope
866 2939 1016 3014 humana,
1039 2957 1100 3000 nau
1125 2937 1240 3019 largiti·

74 3113 75 3119 ἵ
160 3042 198 3100 25
216 3042 326 3105 onibus
350 3047 492 3126 principis
513 3055 565 3106 aut
587 3044 675 3105 deum
697 3046 889 3126 placamentis
910 3027 1075 3106 decedebat
1094 3045 1239 3120 infamia,

217 3150 293 3230 quin
314 3151 424 3213 iussum
443 3153 614 3212 incendium
632 3152 823 3217 crederetur.
865 3154 947 3233 Ergo
974 3149 1124 3212 abolendo
1146 3172 1241 3209 rumo-

218 3261 244 3318 ri
265 3259 342 3320 Nero
358 3259 489 3325 subdidit
509 3281 590 3335 reos,
615 3270 646 3319 et
660 3259 886 3340 quaesitissimis.
901 3262 1003 3340 poenis
1030 3255 1138 3331 affecit,
1167 3278 1242 3336 quoa

217 3385 273 3448 per
284 3367 395 3449 flagitia
412 3368 525 3428 invisos
541 3365 646 3448 vulgus
661 3368 847 3428 Christianos
855 3365 1034 3448 appellabat.
1059 3366 1171 3423 Auctor
1184 3385 1242 3423 no·

217 3474 306 3534 minis
326 3477 390 3538 eius
411 3474 547 3537 Christus
572 3474 695 3536 Tiberio
718 3455 907 3556 imperitante
941 3495 996 3554 per
1018 3485 1241 3561 procuratorem

240 3619 504 3638 h—-u———n—-a--n

303 3715 327 3766 5.
344 3713 469 3766 subvecta
487 3727 574 3768 assem
594 3714 641 3764 tta.
718 3747 722 3754 ·

291 3824 329 3878 ¹7·
345 3806 397 3879 dia]
417 3827 433 3858 a
453 3807 496 3860 dis
514 3807 653 3880 (veldiic)
674 3808 796 3860 codices:
814 3799 1061 3878 praepositionem,
1087 3827 1156 3877 quac
1177 3815 1239 3862 nata

219 3909 259 3952 eat
276 3919 309 3954 ex
325 3903 380 3956 fine
397 3903 581 3961 antecedentia
600 3903 744 3965 vocabuli,
762 3903 867 3957 delevit
883 3907 902 3957 l.
921 3904 963 3954 l'r.
983 3903 1141 3958 Gronovius.
