<?xml version="1.0" encoding="UTF-8"?>
<!DOCTYPE html PUBLIC "-//W3C//DTD XHTML 1.0 Transitional//EN"
    "http://www.w3.org/TR/xhtml1/DTD/xhtml1-transitional.dtd">
<html xmlns="http://www.w3.org/1999/xhtml" xml:lang="en" lang="en">
 <head>
  <title>
</title>
<meta http-equiv="Content-Type" content="text/html;charset=utf-8" />
  <meta name='ocr-system' content='tesseract 3.04.00' />
  <meta name='ocr-capabilities' content='ocr_page ocr_carea ocr_par ocr_line ocrx_word'/>
</head>
<body>
  <div class='ocr_page' id='page_1' title='image "./ccorneliitaciti00rittgoog_0365.png"; bbox 0 0 2900 4724; ppageno 0'>
   <div class='ocr_carea' id='block_1_1' title="bbox 418 273 1279 371">
    <p class='ocr_par' dir='ltr' id='par_1_1' title="bbox 418 273 1279 371">
     <span class='ocr_line' id='line_1_1' title="bbox 418 273 1279 371; baseline 0.01 -27"><span class='ocrx_word' id='word_1_1' title='bbox 418 281 502 344; x_wconf 69' lang='grc' dir='ltr'><strong>ιω.</strong></span> <span class='ocrx_word' id='word_1_2' title='bbox 521 282 606 352; x_wconf 77' lang='lat'><em>1111.</em></span> <span class='ocrx_word' id='word_1_3' title='bbox 647 283 735 347; x_wconf 80' lang='lat' dir='ltr'><strong>car.</strong></span> <span class='ocrx_word' id='word_1_4' title='bbox 761 284 896 352; x_wconf 78' lang='lat' dir='ltr'><strong>ao-sr.</strong></span> <span class='ocrx_word' id='word_1_5' title='bbox 978 273 981 288; x_wconf 90' lang='lat'>&#39;</span> <span class='ocrx_word' id='word_1_6' title='bbox 1121 290 1223 366; x_wconf 72' lang='lat' dir='ltr'><strong>aar.</strong></span> <span class='ocrx_word' id='word_1_7' title='bbox 1277 361 1279 371; x_wconf 59' lang='grc'>,</span> 
     </span>
    </p>
   </div>
   <div class='ocr_carea' id='block_1_2' title="bbox 15 460 1333 3759">
    <p class='ocr_par' dir='ltr' id='par_1_2' title="bbox 152 460 1333 555">
     <span class='ocr_line' id='line_1_2' title="bbox 152 460 1333 555; baseline 0.005 -28"><span class='ocrx_word' id='word_1_8' title='bbox 152 461 259 528; x_wconf 86' lang='lat' dir='ltr'><strong>Iuliam</strong></span> <span class='ocrx_word' id='word_1_9' title='bbox 279 460 375 526; x_wconf 78' lang='lat' dir='ltr'><strong>Drusi</strong></span> <span class='ocrx_word' id='word_1_10' title='bbox 394 463 487 528; x_wconf 72' lang='lat' dir='ltr'><strong>filiam</strong></span> <span class='ocrx_word' id='word_1_11' title='bbox 508 461 580 555; x_wconf 84' lang='lat' dir='ltr'><strong>‹lulo</strong></span> <span class='ocrx_word' id='word_1_12' title='bbox 602 463 781 528; x_wconf 73' lang='lat' dir='ltr'><strong>Messalinae</strong></span> <span class='ocrx_word' id='word_1_13' title='bbox 806 465 998 528; x_wconf 78' lang='lat' dir='ltr'><strong>interfectam</strong></span> <span class='ocrx_word' id='word_1_14' title='bbox 1026 484 1084 549; x_wconf 87' lang='lat' dir='ltr'><strong>per</strong></span> <span class='ocrx_word' id='word_1_15' title='bbox 1109 489 1184 552; x_wconf 87' lang='lat' dir='ltr'><strong>qua·</strong></span> <span class='ocrx_word' id='word_1_16' title='bbox 1197 465 1333 537; x_wconf 60' lang='grc'><strong>(10·57)</strong></span> 
     </span>
    </p>

    <p class='ocr_par' dir='ltr' id='par_1_3' title="bbox 153 555 1193 656">
     <span class='ocr_line' id='line_1_3' title="bbox 153 555 1193 656; baseline -0.002 -22"><span class='ocrx_word' id='word_1_17' title='bbox 153 569 293 654; x_wconf 79' lang='lat' dir='ltr'><strong>draginta</strong></span> <span class='ocrx_word' id='word_1_18' title='bbox 315 591 410 634; x_wconf 88' lang='lat' dir='ltr'><strong>annos</strong></span> <span class='ocrx_word' id='word_1_19' title='bbox 435 593 496 634; x_wconf 86' lang='lat' dir='ltr'><strong>noa</strong></span> <span class='ocrx_word' id='word_1_20' title='bbox 528 571 615 634; x_wconf 88' lang='lat' dir='ltr'><strong>cultu</strong></span> <span class='ocrx_word' id='word_1_21' title='bbox 646 573 703 634; x_wconf 88' lang='lat' dir='ltr'><strong>nisi</strong></span> <span class='ocrx_word' id='word_1_22' title='bbox 725 573 865 656; x_wconf 81' lang='lat' dir='ltr'><strong>lugubri,</strong></span> <span class='ocrx_word' id='word_1_23' title='bbox 899 593 961 634; x_wconf 92' lang='lat' dir='ltr'><strong>non</strong></span> <span class='ocrx_word' id='word_1_24' title='bbox 995 555 1100 635; x_wconf 86' lang='lat' dir='ltr'><strong>animo</strong></span> <span class='ocrx_word' id='word_1_25' title='bbox 1127 575 1193 642; x_wconf 85' lang='lat' dir='ltr'><strong>nisi.</strong></span> 
     </span>
    </p>

    <p class='ocr_par' dir='ltr' id='par_1_4' title="bbox 151 669 1186 761">
     <span class='ocr_line' id='line_1_4' title="bbox 151 669 1186 761; baseline 0 -21"><span class='ocrx_word' id='word_1_26' title='bbox 151 669 268 741; x_wconf 84' lang='lat' dir='ltr'><strong>maesto</strong></span> <span class='ocrx_word' id='word_1_27' title='bbox 286 679 358 759; x_wconf 80' lang='lat' dir='ltr'><strong>egit.</strong></span> <span class='ocrx_word' id='word_1_28' title='bbox 388 675 487 760; x_wconf 89' lang='lat' dir='ltr'><strong>quue</strong></span> <span class='ocrx_word' id='word_1_29' title='bbox 506 674 551 738; x_wconf 91' lang='lat' dir='ltr'><strong>illi</strong></span> <span class='ocrx_word' id='word_1_30' title='bbox 575 679 767 761; x_wconf 74' lang='lat' dir='ltr'><strong>imperitante</strong></span> <span class='ocrx_word' id='word_1_31' title='bbox 787 677 914 741; x_wconf 85' lang='lat' dir='ltr'><strong>Claurlio</strong></span> <span class='ocrx_word' id='word_1_32' title='bbox 934 681 1088 761; x_wconf 86' lang='lat' dir='ltr'><strong>impune,</strong></span> <span class='ocrx_word' id='word_1_33' title='bbox 1117 701 1186 741; x_wconf 81' lang='lat' dir='ltr'><strong>mua</strong></span> 
     </span>
    </p>

    <p class='ocr_par' dir='ltr' id='par_1_5' title="bbox 153 785 1138 868">
     <span class='ocr_line' id='line_1_5' title="bbox 153 785 1138 868; baseline 0.001 -21"><span class='ocrx_word' id='word_1_34' title='bbox 153 785 193 848; x_wconf 85' lang='lat' dir='ltr'><strong>ad</strong></span> <span class='ocrx_word' id='word_1_35' title='bbox 213 785 342 868; x_wconf 83' lang='lat' dir='ltr'><strong>gloriam</strong></span> <span class='ocrx_word' id='word_1_36' title='bbox 364 789 465 861; x_wconf 70' lang='lat' dir='ltr'><strong>uertit.</strong></span> <span class='ocrx_word' id='word_1_37' title='bbox 1134 850 1138 858; x_wconf 74' lang='grc'>,</span> 
     </span>
    </p>

    <p class='ocr_par' dir='ltr' id='par_1_6' title="bbox 15 871 1262 1404">
     <span class='ocr_line' id='line_1_6' title="bbox 15 871 1262 977; baseline 0.003 -27"><span class='ocrx_word' id='word_1_38' title='bbox 15 915 16 918; x_wconf 48' lang='grc'><strong>“</strong></span> <span class='ocrx_word' id='word_1_39' title='bbox 94 871 152 950; x_wconf 80' lang='grc'><strong>33</strong></span> <span class='ocrx_word' id='word_1_40' title='bbox 234 892 320 954; x_wconf 88' lang='lat' dir='ltr'><strong>Idem</strong></span> <span class='ocrx_word' id='word_1_41' title='bbox 344 887 440 955; x_wconf 80' lang='lat' dir='ltr'><strong>annus</strong></span> <span class='ocrx_word' id='word_1_42' title='bbox 470 893 574 977; x_wconf 83' lang='lat' dir='ltr'><strong>plures</strong></span> <span class='ocrx_word' id='word_1_43' title='bbox 611 915 679 956; x_wconf 88' lang='lat' dir='ltr'><strong>reos</strong></span> <span class='ocrx_word' id='word_1_44' title='bbox 707 877 830 962; x_wconf 72' lang='lat' dir='ltr'><strong>babuit.v</strong></span> <span class='ocrx_word' id='word_1_45' title='bbox 869 896 1008 974; x_wconf 85' lang='lat' dir='ltr'><strong>Quorum</strong></span> <span class='ocrx_word' id='word_1_46' title='bbox 1040 893 1214 958; x_wconf 77' lang='lat' dir='ltr'><strong>Publium.</strong></span> <span class='ocrx_word' id='word_1_47' title='bbox 1260 929 1262 942; x_wconf 88' lang='lat'><em>·</em></span> 
     </span>
     <span class='ocr_line' id='line_1_7' title="bbox 152 977 1184 1086; baseline 0.003 -25"><span class='ocrx_word' id='word_1_48' title='bbox 152 997 292 1062; x_wconf 76' lang='lat' dir='ltr'><strong>Celerem</strong></span> <span class='ocrx_word' id='word_1_49' title='bbox 314 989 476 1065; x_wconf 70' lang='lat' dir='ltr'><strong>accusante</strong></span> <span class='ocrx_word' id='word_1_50' title='bbox 496 1003 593 1082; x_wconf 83' lang='lat' dir='ltr'><strong>Asia,</strong></span> <span class='ocrx_word' id='word_1_51' title='bbox 617 1004 689 1086; x_wconf 86' lang='lat' dir='ltr'><strong>qnia</strong></span> <span class='ocrx_word' id='word_1_52' title='bbox 708 1004 867 1067; x_wconf 81' lang='lat' dir='ltr'><strong>absolvere</strong></span> <span class='ocrx_word' id='word_1_53' title='bbox 887 1005 1031 1086; x_wconf 79' lang='lat' dir='ltr'><strong>nequibat</strong></span> <span class='ocrx_word' id='word_1_54' title='bbox 1053 977 1184 1080; x_wconf 71' lang='lat' dir='ltr'><strong>caesar,</strong></span> 
     </span>
     <span class='ocr_line' id='line_1_8' title="bbox 150 1109 1184 1189; baseline 0.003 -22"><span class='ocrx_word' id='word_1_55' title='bbox 150 1109 252 1184; x_wconf 79' lang='lat' dir='ltr'><strong>traxit,</strong></span> <span class='ocrx_word' id='word_1_56' title='bbox 275 1121 395 1172; x_wconf 79' lang='lat' dir='ltr'><strong>senecta</strong></span> <span class='ocrx_word' id='word_1_57' title='bbox 415 1111 512 1171; x_wconf 88' lang='lat' dir='ltr'><strong>donee</strong></span> <span class='ocrx_word' id='word_1_58' title='bbox 534 1121 661 1171; x_wconf 88' lang='lat' dir='ltr'><strong>mortem</strong></span> <span class='ocrx_word' id='word_1_59' title='bbox 678 1111 787 1174; x_wconf 88' lang='lat' dir='ltr'><strong>obiret.</strong></span> <span class='ocrx_word' id='word_1_60' title='bbox 807 1112 886 1172; x_wconf 87' lang='lat' dir='ltr'><strong>Nam</strong></span> <span class='ocrx_word' id='word_1_61' title='bbox 902 1111 990 1172; x_wconf 85' lang='lat' dir='ltr'><strong>Celer</strong></span> <span class='ocrx_word' id='word_1_62' title='bbox 1010 1110 1184 1189; x_wconf 82' lang='lat' dir='ltr'><strong>interiecto,</strong></span> 
     </span>
     <span class='ocr_line' id='line_1_9' title="bbox 152 1203 1185 1300; baseline 0.002 -24"><span class='ocrx_word' id='word_1_63' title='bbox 152 1225 186 1276; x_wconf 89' lang='lat' dir='ltr'><strong>ut</strong></span> <span class='ocrx_word' id='word_1_64' title='bbox 207 1219 398 1290; x_wconf 73' lang='lat' dir='ltr'><strong>memoravi,</strong></span> <span class='ocrx_word' id='word_1_65' title='bbox 420 1216 523 1281; x_wconf 88' lang='lat' dir='ltr'><strong>Silano</strong></span> <span class='ocrx_word' id='word_1_66' title='bbox 546 1219 727 1300; x_wconf 83' lang='lat' dir='ltr'><strong>proconsule</strong></span> <span class='ocrx_word' id='word_1_67' title='bbox 755 1218 963 1300; x_wconf 84' lang='lat' dir='ltr'><strong>magnitudine</strong></span> <span class='ocrx_word' id='word_1_68' title='bbox 992 1203 1111 1278; x_wconf 83' lang='lat' dir='ltr'><strong>sceleris</strong></span> <span class='ocrx_word' id='word_1_69' title='bbox 1133 1237 1185 1278; x_wconf 89' lang='lat' dir='ltr'><strong>ce·</strong></span> 
     </span>
     <span class='ocr_line' id='line_1_10' title="bbox 151 1311 1184 1404; baseline 0 -21"><span class='ocrx_word' id='word_1_70' title='bbox 151 1331 217 1384; x_wconf 85' lang='lat' dir='ltr'><strong>tera</strong></span> <span class='ocrx_word' id='word_1_71' title='bbox 240 1321 352 1404; x_wconf 84' lang='lat' dir='ltr'><strong>flagitia</strong></span> <span class='ocrx_word' id='word_1_72' title='bbox 371 1321 542 1403; x_wconf 82' lang='lat' dir='ltr'><strong>obtegebat.</strong></span> <span class='ocrx_word' id='word_1_73' title='bbox 584 1323 795 1398; x_wconf 86' lang='lat' dir='ltr'><strong>Cossutianum</strong></span> <span class='ocrx_word' id='word_1_74' title='bbox 813 1311 990 1404; x_wconf 82' lang='lat' dir='ltr'><strong>Capitonem</strong></span> <span class='ocrx_word' id='word_1_75' title='bbox 1012 1321 1118 1384; x_wconf 76' lang='lat' dir='ltr'><strong>Cilices</strong></span> <span class='ocrx_word' id='word_1_76' title='bbox 1133 1321 1184 1383; x_wconf 86' lang='lat' dir='ltr'><strong>de·</strong></span> 
     </span>
    </p>

    <p class='ocr_par' dir='ltr' id='par_1_7' title="bbox 86 1427 1184 1511">
     <span class='ocr_line' id='line_1_11' title="bbox 86 1427 1184 1511; baseline -0.006 -16"><span class='ocrx_word' id='word_1_77' title='bbox 86 1457 134 1502; x_wconf 62' lang='lat' dir='ltr'><strong>,ro</strong></span> <span class='ocrx_word' id='word_1_78' title='bbox 149 1432 283 1492; x_wconf 85' lang='lat' dir='ltr'><strong>tulerant</strong></span> <span class='ocrx_word' id='word_1_79' title='bbox 304 1429 490 1490; x_wconf 87' lang='lat' dir='ltr'><strong>maculosum</strong></span> <span class='ocrx_word' id='word_1_80' title='bbox 512 1429 715 1511; x_wconf 75' lang='lat' dir='ltr'><strong>foedatusque,</strong></span> <span class='ocrx_word' id='word_1_81' title='bbox 739 1439 769 1490; x_wconf 87' lang='lat' dir='ltr'><strong>et</strong></span> <span class='ocrx_word' id='word_1_82' title='bbox 790 1428 872 1488; x_wconf 88' lang='lat' dir='ltr'><strong>itlem</strong></span> <span class='ocrx_word' id='word_1_83' title='bbox 899 1430 945 1488; x_wconf 93' lang='lat' dir='ltr'><strong>ius</strong></span> <span class='ocrx_word' id='word_1_84' title='bbox 976 1427 1133 1490; x_wconf 62' lang='lat' dir='ltr'><strong>audatiae·</strong></span> <span class='ocrx_word' id='word_1_85' title='bbox 1150 1431 1184 1489; x_wconf 90' lang='lat' dir='ltr'><strong>in</strong></span> 
     </span>
    </p>

    <p class='ocr_par' dir='ltr' id='par_1_8' title="bbox 18 1523 1187 1938">
     <span class='ocr_line' id='line_1_12' title="bbox 18 1523 1185 1620; baseline -0.001 -23"><span class='ocrx_word' id='word_1_86' title='bbox 18 1523 24 1534; x_wconf 51' lang='lat'><strong><em>¹</em></strong></span> <span class='ocrx_word' id='word_1_87' title='bbox 62 1549 66 1554; x_wconf 86' lang='lat'>&#39;</span> <span class='ocrx_word' id='word_1_88' title='bbox 148 1536 304 1620; x_wconf 85' lang='lat' dir='ltr'><strong>provincia</strong></span> <span class='ocrx_word' id='word_1_89' title='bbox 338 1546 440 1596; x_wconf 88' lang='lat' dir='ltr'><strong>ratum</strong></span> <span class='ocrx_word' id='word_1_90' title='bbox 460 1534 543 1615; x_wconf 90' lang='lat' dir='ltr'><strong>quod</strong></span> <span class='ocrx_word' id='word_1_91' title='bbox 561 1534 594 1593; x_wconf 91' lang='lat' dir='ltr'><strong>in</strong></span> <span class='ocrx_word' id='word_1_92' title='bbox 615 1531 690 1594; x_wconf 85' lang='lat' dir='ltr'><strong>urbe</strong></span> <span class='ocrx_word' id='word_1_93' title='bbox 709 1543 894 1598; x_wconf 83' lang='lat' dir='ltr'><strong>exercuerat.</strong></span> <span class='ocrx_word' id='word_1_94' title='bbox 946 1532 1007 1592; x_wconf 89' lang='lat' dir='ltr'><strong>Sed</strong></span> <span class='ocrx_word' id='word_1_95' title='bbox 1037 1535 1185 1613; x_wconf 78' lang='lat' dir='ltr'><strong>pervicaci</strong></span> 
     </span>
     <span class='ocr_line' id='line_1_13' title="bbox 146 1639 1187 1726; baseline 0 -24"><span class='ocrx_word' id='word_1_96' title='bbox 146 1643 338 1726; x_wconf 78' lang='lat' dir='ltr'><strong>accusatione</strong></span> <span class='ocrx_word' id='word_1_97' title='bbox 364 1639 556 1702; x_wconf 77' lang='lat' dir='ltr'><strong>conflictatus</strong></span> <span class='ocrx_word' id='word_1_98' title='bbox 584 1644 737 1723; x_wconf 72' lang='lat' dir='ltr'><strong>postremo</strong></span> <span class='ocrx_word' id='word_1_99' title='bbox 765 1639 971 1700; x_wconf 80' lang='lat' dir='ltr'><strong>defensionem</strong></span> <span class='ocrx_word' id='word_1_100' title='bbox 1005 1642 1122 1716; x_wconf 84' lang='lat' dir='ltr'><strong>omisit,</strong></span> <span class='ocrx_word' id='word_1_101' title='bbox 1151 1662 1187 1702; x_wconf 89' lang='lat' dir='ltr'><strong>ac</strong></span> 
     </span>
     <span class='ocr_line' id='line_1_14' title="bbox 145 1743 1184 1830; baseline -0.001 -21"><span class='ocrx_word' id='word_1_102' title='bbox 145 1744 216 1830; x_wconf 86' lang='lat' dir='ltr'><strong>lege</strong></span> <span class='ocrx_word' id='word_1_103' title='bbox 231 1747 467 1830; x_wconf 87' lang='lat' dir='ltr'><strong>repetundarum</strong></span> <span class='ocrx_word' id='word_1_104' title='bbox 491 1747 653 1808; x_wconf 86' lang='lat' dir='ltr'><strong>damnatus</strong></span> <span class='ocrx_word' id='word_1_105' title='bbox 674 1757 729 1810; x_wconf 85' lang='lat' dir='ltr'><strong>est.</strong></span> <span class='ocrx_word' id='word_1_106' title='bbox 771 1746 834 1806; x_wconf 86' lang='lat' dir='ltr'><strong>Pro</strong></span> <span class='ocrx_word' id='word_1_107' title='bbox 855 1747 954 1826; x_wconf 90' lang='lat' dir='ltr'><strong>Eprio</strong></span> <span class='ocrx_word' id='word_1_108' title='bbox 974 1743 1141 1824; x_wconf 84' lang='lat' dir='ltr'><strong>Marcello,</strong></span> <span class='ocrx_word' id='word_1_109' title='bbox 1166 1769 1184 1808; x_wconf 91' lang='lat' dir='ltr'><strong>a</strong></span> 
     </span>
     <span class='ocr_line' id='line_1_15' title="bbox 131 1849 1182 1938; baseline 0 -25"><span class='ocrx_word' id='word_1_110' title='bbox 131 1873 211 1936; x_wconf 75' lang='lat' dir='ltr'><strong>=quo</strong></span> <span class='ocrx_word' id='word_1_111' title='bbox 235 1854 321 1938; x_wconf 70' lang='lat' dir='ltr'><strong>bycii</strong></span> <span class='ocrx_word' id='word_1_112' title='bbox 350 1877 398 1916; x_wconf 87' lang='lat' dir='ltr'><strong>res</strong></span> <span class='ocrx_word' id='word_1_113' title='bbox 424 1855 627 1938; x_wconf 83' lang='lat' dir='ltr'><strong>repetebant,</strong></span> <span class='ocrx_word' id='word_1_114' title='bbox 657 1875 693 1914; x_wconf 89' lang='lat' dir='ltr'><strong>eo</strong></span> <span class='ocrx_word' id='word_1_115' title='bbox 710 1873 805 1934; x_wconf 91' lang='lat' dir='ltr'><strong>usque</strong></span> <span class='ocrx_word' id='word_1_116' title='bbox 833 1849 965 1912; x_wconf 88' lang='lat' dir='ltr'><strong>ambitus</strong></span> <span class='ocrx_word' id='word_1_117' title='bbox 990 1852 1182 1933; x_wconf 87' lang='lat' dir='ltr'><strong>praevaluit,</strong></span> 
     </span>
    </p>

    <p class='ocr_par' dir='ltr' id='par_1_9' title="bbox 96 1957 1304 2150">
     <span class='ocr_line' id='line_1_16' title="bbox 96 1957 1304 2044; baseline -0.008 -16"><span class='ocrx_word' id='word_1_118' title='bbox 96 1964 135 2028; x_wconf 75' lang='lat'><strong>15</strong></span> <span class='ocrx_word' id='word_1_119' title='bbox 149 1972 184 2022; x_wconf 87' lang='lat' dir='ltr'><strong>ut</strong></span> <span class='ocrx_word' id='word_1_120' title='bbox 206 1961 332 2044; x_wconf 84' lang='lat' dir='ltr'><strong>quitiam</strong></span> <span class='ocrx_word' id='word_1_121' title='bbox 353 1969 562 2022; x_wconf 84' lang='lat' dir='ltr'><strong>accusaturum</strong></span> <span class='ocrx_word' id='word_1_122' title='bbox 583 1961 646 2022; x_wconf 88' lang='lat' dir='ltr'><strong>eius</strong></span> <span class='ocrx_word' id='word_1_123' title='bbox 672 1958 776 2022; x_wconf 84' lang='lat' dir='ltr'><strong>exsilio</strong></span> <span class='ocrx_word' id='word_1_124' title='bbox 800 1957 1012 2034; x_wconf 89' lang='lat' dir='ltr'><strong>multarentur,</strong></span> <span class='ocrx_word' id='word_1_125' title='bbox 1037 1965 1184 2041; x_wconf 84' lang='lat' dir='ltr'><strong>tanquam</strong></span> <span class='ocrx_word' id='word_1_126' title='bbox 1303 1972 1304 1978; x_wconf 75' lang='grc'>’</span> 
     </span>
     <span class='ocr_line' id='line_1_17' title="bbox 147 2057 1127 2150; baseline 0 -22"><span class='ocrx_word' id='word_1_127' title='bbox 147 2069 260 2129; x_wconf 87' lang='lat' dir='ltr'><strong>insonti</strong></span> <span class='ocrx_word' id='word_1_128' title='bbox 281 2067 449 2150; x_wconf 82' lang='lat' dir='ltr'><strong>periculum</strong></span> <span class='ocrx_word' id='word_1_129' title='bbox 472 2068 617 2130; x_wconf 83' lang='lat' dir='ltr'><strong>fecissent.</strong></span> <span class='ocrx_word' id='word_1_130' title='bbox 1123 2057 1127 2064; x_wconf 59' lang='grc'>’</span> 
     </span>
    </p>

    <p class='ocr_par' dir='ltr' id='par_1_10' title="bbox 88 2171 1332 2472">
     <span class='ocr_line' id='line_1_18' title="bbox 88 2171 1332 2258; baseline 0 -20"><span class='ocrx_word' id='word_1_131' title='bbox 88 2173 146 2258; x_wconf 70' lang='grc'><strong>34</strong></span> <span class='ocrx_word' id='word_1_132' title='bbox 230 2176 355 2238; x_wconf 83' lang='lat' dir='ltr'><strong>Nerone</strong></span> <span class='ocrx_word' id='word_1_133' title='bbox 379 2174 502 2234; x_wconf 83' lang='lat' dir='ltr'><strong>tertium</strong></span> <span class='ocrx_word' id='word_1_134' title='bbox 525 2173 646 2234; x_wconf 78' lang='lat' dir='ltr'><strong>musula</strong></span> <span class='ocrx_word' id='word_1_135' title='bbox 672 2171 762 2234; x_wconf 65' lang='lat' dir='ltr'><strong>amul</strong></span> <span class='ocrx_word' id='word_1_136' title='bbox 790 2173 859 2234; x_wconf 88' lang='lat' dir='ltr'><strong>iniit</strong></span> <span class='ocrx_word' id='word_1_137' title='bbox 878 2173 1067 2236; x_wconf 80' lang='lat' dir='ltr'><strong>consulatum</strong></span> <span class='ocrx_word' id='word_1_138' title='bbox 1088 2171 1332 2256; x_wconf 59' lang='lat' dir='ltr'><strong>Vale-(anan.)</strong></span> 
     </span>
     <span class='ocr_line' id='line_1_19' title="bbox 145 2271 1332 2362; baseline -0.001 -18"><span class='ocrx_word' id='word_1_139' title='bbox 145 2271 368 2357; x_wconf 55' lang='lat' dir='ltr'><strong>rius&#39;ltlessala,</strong></span> <span class='ocrx_word' id='word_1_140' title='bbox 390 2284 474 2344; x_wconf 75' lang='lat' dir='ltr'><strong>cuiuis</strong></span> <span class='ocrx_word' id='word_1_141' title='bbox 495 2299 641 2362; x_wconf 83' lang='lat' dir='ltr'><strong>proavum</strong></span> <span class='ocrx_word' id='word_1_142' title='bbox 664 2291 821 2342; x_wconf 87' lang='lat' dir='ltr'><strong>oratorem</strong></span> <span class='ocrx_word' id='word_1_143' title='bbox 835 2283 1010 2342; x_wconf 86' lang='lat' dir='ltr'><strong>Corvinum.</strong></span> <span class='ocrx_word' id='word_1_144' title='bbox 1024 2278 1096 2342; x_wconf 83' lang='lat' dir='ltr'><strong>divo</strong></span> <span class='ocrx_word' id='word_1_145' title='bbox 1116 2277 1215 2359; x_wconf 71' lang='lat' dir='ltr'><strong>lu-ta</strong></span> <span class='ocrx_word' id='word_1_146' title='bbox 1232 2290 1332 2362; x_wconf 57' lang='lat' dir='ltr'><strong>aaa.)</strong></span> 
     </span>
     <span class='ocr_line' id='line_1_20' title="bbox 144 2386 1182 2472; baseline 0.002 -24"><span class='ocrx_word' id='word_1_147' title='bbox 144 2399 233 2470; x_wconf 83' lang='lat' dir='ltr'><strong>gusto</strong></span> <span class='ocrx_word' id='word_1_148' title='bbox 251 2389 349 2450; x_wconf 87' lang='lat' dir='ltr'><strong>abavo</strong></span> <span class='ocrx_word' id='word_1_149' title='bbox 372 2387 499 2448; x_wconf 86' lang='lat' dir='ltr'><strong>Neronis</strong></span> <span class='ocrx_word' id='word_1_150' title='bbox 520 2386 664 2469; x_wconf 88' lang='lat' dir='ltr'><strong>collegam</strong></span> <span class='ocrx_word' id='word_1_151' title='bbox 688 2389 718 2447; x_wconf 90' lang='lat' dir='ltr'><strong>in</strong></span> <span class='ocrx_word' id='word_1_152' title='bbox 739 2409 777 2448; x_wconf 89' lang='lat' dir='ltr'><strong>co</strong></span> <span class='ocrx_word' id='word_1_153' title='bbox 796 2391 977 2469; x_wconf 83' lang='lat' dir='ltr'><strong>magistratu</strong></span> <span class='ocrx_word' id='word_1_154' title='bbox 997 2388 1087 2450; x_wconf 83' lang='lat' dir='ltr'><strong>fnisse</strong></span> <span class='ocrx_word' id='word_1_155' title='bbox 1105 2408 1182 2472; x_wconf 86' lang='lat' dir='ltr'><strong>pan-</strong></span> 
     </span>
    </p>

    <p class='ocr_par' dir='ltr' id='par_1_11' title="bbox 87 2493 1184 3012">
     <span class='ocr_line' id='line_1_21' title="bbox 87 2493 1184 2561; baseline 0 -3"><span class='ocrx_word' id='word_1_156' title='bbox 87 2516 127 2559; x_wconf 72' lang='lat' dir='ltr'><strong>no</strong></span> <span class='ocrx_word' id='word_1_157' title='bbox 147 2499 173 2558; x_wconf 93' lang='lat' dir='ltr'><strong>ci</strong></span> <span class='ocrx_word' id='word_1_158' title='bbox 204 2501 265 2558; x_wconf 87' lang='lat' dir='ltr'><strong>iam</strong></span> <span class='ocrx_word' id='word_1_159' title='bbox 298 2515 406 2557; x_wconf 86' lang='lat' dir='ltr'><strong>senum</strong></span> <span class='ocrx_word' id='word_1_160' title='bbox 447 2493 660 2561; x_wconf 75' lang='lat' dir='ltr'><strong>meminerunt.</strong></span> <span class='ocrx_word' id='word_1_161' title='bbox 711 2493 771 2554; x_wconf 73' lang='lat' dir='ltr'><strong>seat</strong></span> <span class='ocrx_word' id='word_1_162' title='bbox 806 2494 1061 2555; x_wconf 76' lang='lat' dir='ltr'><strong>nobili·lemiliae</strong></span> <span class='ocrx_word' id='word_1_163' title='bbox 1083 2496 1184 2558; x_wconf 88' lang='lat' dir='ltr'><strong>bonor</strong></span> 
     </span>
     <span class='ocr_line' id='line_1_22' title="bbox 144 2592 1180 2684; baseline 0.002 -20"><span class='ocrx_word' id='word_1_164' title='bbox 144 2615 253 2666; x_wconf 85' lang='lat' dir='ltr'><strong>auctus</strong></span> <span class='ocrx_word' id='word_1_165' title='bbox 273 2615 317 2666; x_wconf 88' lang='lat' dir='ltr'><strong>est</strong></span> <span class='ocrx_word' id='word_1_166' title='bbox 337 2603 447 2664; x_wconf 86' lang='lat' dir='ltr'><strong>oblatis</strong></span> <span class='ocrx_word' id='word_1_167' title='bbox 474 2606 505 2662; x_wconf 90' lang='lat' dir='ltr'><strong>in</strong></span> <span class='ocrx_word' id='word_1_168' title='bbox 539 2603 672 2684; x_wconf 80' lang='lat' dir='ltr'><strong>singulos</strong></span> <span class='ocrx_word' id='word_1_169' title='bbox 707 2621 804 2660; x_wconf 89' lang='lat' dir='ltr'><strong>annos</strong></span> <span class='ocrx_word' id='word_1_170' title='bbox 833 2592 991 2682; x_wconf 85' lang='lat' dir='ltr'><strong>quingenis</strong></span> <span class='ocrx_word' id='word_1_171' title='bbox 1021 2605 1180 2683; x_wconf 73' lang='lat' dir='ltr'><strong>sestertiis,</strong></span> 
     </span>
     <span class='ocr_line' id='line_1_23' title="bbox 144 2709 1182 2796; baseline -0.002 -23"><span class='ocrx_word' id='word_1_172' title='bbox 144 2713 256 2796; x_wconf 89' lang='lat' dir='ltr'><strong>quibus</strong></span> <span class='ocrx_word' id='word_1_173' title='bbox 283 2711 413 2772; x_wconf 86' lang='lat' dir='ltr'><strong>Messala</strong></span> <span class='ocrx_word' id='word_1_174' title='bbox 453 2719 658 2791; x_wconf 83' lang='lat' dir='ltr'><strong>paupertatem</strong></span> <span class='ocrx_word' id='word_1_175' title='bbox 686 2709 838 2768; x_wconf 83' lang='lat' dir='ltr'><strong>innoxiam</strong></span> <span class='ocrx_word' id='word_1_176' title='bbox 878 2717 1072 2770; x_wconf 83' lang='lat' dir='ltr'><strong>sustentaret.</strong></span> <span class='ocrx_word' id='word_1_177' title='bbox 1114 2711 1182 2771; x_wconf 85' lang='lat' dir='ltr'><strong>-Au-</strong></span> 
     </span>
     <span class='ocr_line' id='line_1_24' title="bbox 143 2815 1180 2904; baseline -0.009 -23"><span class='ocrx_word' id='word_1_178' title='bbox 143 2819 220 2881; x_wconf 89' lang='lat' dir='ltr'><strong>relio</strong></span> <span class='ocrx_word' id='word_1_179' title='bbox 243 2831 365 2904; x_wconf 84' lang='lat' dir='ltr'><strong>quoque</strong></span> <span class='ocrx_word' id='word_1_180' title='bbox 387 2819 495 2878; x_wconf 89' lang='lat' dir='ltr'><strong>Cottae</strong></span> <span class='ocrx_word' id='word_1_181' title='bbox 516 2828 547 2876; x_wconf 88' lang='lat' dir='ltr'><strong>et</strong></span> <span class='ocrx_word' id='word_1_182' title='bbox 577 2815 712 2876; x_wconf 81' lang='lat' dir='ltr'><strong>Haterio·</strong></span> <span class='ocrx_word' id='word_1_183' title='bbox 725 2816 883 2875; x_wconf 83' lang='lat' dir='ltr'><strong>Antonino</strong></span> <span class='ocrx_word' id='word_1_184' title='bbox 918 2835 1052 2874; x_wconf 79' lang='lat' dir='ltr'><strong>sanatam</strong></span> <span class='ocrx_word' id='word_1_185' title='bbox 1085 2837 1180 2897; x_wconf 86' lang='lat' dir='ltr'><strong>penu.</strong></span> 
     </span>
     <span class='ocr_line' id='line_1_25' title="bbox 144 2911 1180 3012; baseline 0 -28"><span class='ocrx_word' id='word_1_186' title='bbox 144 2927 226 3012; x_wconf 89' lang='lat' dir='ltr'><strong>niam</strong></span> <span class='ocrx_word' id='word_1_187' title='bbox 249 2924 354 2984; x_wconf 89' lang='lat' dir='ltr'><strong>statuit</strong></span> <span class='ocrx_word' id='word_1_188' title='bbox 372 2923 536 3004; x_wconf 82' lang='lat' dir='ltr'><strong>princeps,</strong></span> <span class='ocrx_word' id='word_1_189' title='bbox 561 2921 698 3006; x_wconf 85' lang='lat' dir='ltr'><strong>quamvis</strong></span> <span class='ocrx_word' id='word_1_190' title='bbox 712 2911 775 3002; x_wconf 65' lang='lat' dir='ltr'><strong>⁴per</strong></span> <span class='ocrx_word' id='word_1_191' title='bbox 789 2917 892 2980; x_wconf 83' lang='lat' dir='ltr'><strong>luxum</strong></span> <span class='ocrx_word' id='word_1_192' title='bbox 916 2923 1011 2982; x_wconf 77' lang='lat' dir='ltr'><strong>avitas</strong></span> <span class='ocrx_word' id='word_1_193' title='bbox 1031 2941 1104 3005; x_wconf 86' lang='lat' dir='ltr'><strong>opes</strong></span> <span class='ocrx_word' id='word_1_194' title='bbox 1119 2922 1180 2984; x_wconf 80' lang='lat' dir='ltr'><strong>dia-</strong></span> 
     </span>
    </p>

    <p class='ocr_par' dir='ltr' id='par_1_12' title="bbox 65 3011 1083 3118">
     <span class='ocr_line' id='line_1_26' title="bbox 65 3011 1083 3118; baseline -0.013 -19"><span class='ocrx_word' id='word_1_195' title='bbox 65 3023 320 3118; x_wconf 67' lang='lat' dir='ltr'><strong>¹astisipassent.⁸</strong></span> <span class='ocrx_word' id='word_1_196' title='bbox 354 3095 357 3106; x_wconf 24' lang='lat' dir='ltr'>v</span> <span class='ocrx_word' id='word_1_197' title='bbox 1078 3011 1083 3023; x_wconf 52' lang='lat'>⁸</span> 
     </span>
    </p>

    <p class='ocr_par' dir='ltr' id='par_1_13' title="bbox 143 3131 1181 3541">
     <span class='ocr_line' id='line_1_27' title="bbox 225 3131 1181 3223; baseline 0.004 -27"><span class='ocrx_word' id='word_1_198' title='bbox 225 3137 302 3200; x_wconf 88' lang='lat' dir='ltr'><strong>Eius</strong></span> <span class='ocrx_word' id='word_1_199' title='bbox 324 3137 397 3196; x_wconf 90' lang='lat' dir='ltr'><strong>anni</strong></span> <span class='ocrx_word' id='word_1_200' title='bbox 419 3134 572 3218; x_wconf 78' lang='lat' dir='ltr'><strong>principio</strong></span> <span class='ocrx_word' id='word_1_201' title='bbox 592 3131 734 3194; x_wconf 86' lang='lat' dir='ltr'><strong>mollibus</strong></span> <span class='ocrx_word' id='word_1_202' title='bbox 758 3133 858 3223; x_wconf 72' lang='lat' dir='ltr'><strong>adbuc</strong></span> <span class='ocrx_word' id='word_1_203' title='bbox 881 3137 975 3198; x_wconf 87' lang='lat' dir='ltr'><strong>initiis</strong></span> <span class='ocrx_word' id='word_1_204' title='bbox 994 3135 1181 3220; x_wconf 82' lang='lat' dir='ltr'><strong>prolatatum</strong></span> 
     </span>
     <span class='ocr_line' id='line_1_28' title="bbox 143 3239 1179 3324; baseline -0.002 -16"><span class='ocrx_word' id='word_1_205' title='bbox 143 3250 224 3308; x_wconf 85' lang='lat' dir='ltr'><strong>inter</strong></span> <span class='ocrx_word' id='word_1_206' title='bbox 244 3245 375 3308; x_wconf 84' lang='lat' dir='ltr'><strong>Parthos</strong></span> <span class='ocrx_word' id='word_1_207' title='bbox 403 3242 617 3324; x_wconf 79' lang='lat' dir='ltr'><strong>Romanosque</strong></span> <span class='ocrx_word' id='word_1_208' title='bbox 639 3239 678 3302; x_wconf 84' lang='lat' dir='ltr'><strong>dc</strong></span> <span class='ocrx_word' id='word_1_209' title='bbox 702 3241 867 3302; x_wconf 87' lang='lat' dir='ltr'><strong>obtinenda</strong></span> <span class='ocrx_word' id='word_1_210' title='bbox 882 3244 1042 3304; x_wconf 62' lang='lat' dir='ltr'><strong>,Armenia</strong></span> <span class='ocrx_word' id='word_1_211' title='bbox 1063 3245 1179 3306; x_wconf 87' lang='lat' dir='ltr'><strong>bellum</strong></span> 
     </span>
     <span class='ocr_line' id='line_1_29' title="bbox 144 3347 1179 3432; baseline -0.006 -17"><span class='ocrx_word' id='word_1_212' title='bbox 144 3358 257 3417; x_wconf 87' lang='lat' dir='ltr'><strong>aeriter</strong></span> <span class='ocrx_word' id='word_1_213' title='bbox 276 3353 424 3426; x_wconf 85' lang='lat' dir='ltr'><strong>sumitur,</strong></span> <span class='ocrx_word' id='word_1_214' title='bbox 447 3349 519 3432; x_wconf 89' lang='lat' dir='ltr'><strong>quia</strong></span> <span class='ocrx_word' id='word_1_215' title='bbox 539 3367 597 3410; x_wconf 87' lang='lat' dir='ltr'><strong>nee</strong></span> <span class='ocrx_word' id='word_1_216' title='bbox 617 3347 777 3430; x_wconf 81' lang='lat' dir='ltr'><strong>Vologeses</strong></span> <span class='ocrx_word' id='word_1_217' title='bbox 799 3351 917 3412; x_wconf 87' lang='lat' dir='ltr'><strong>sinebat</strong></span> <span class='ocrx_word' id='word_1_218' title='bbox 946 3349 1074 3412; x_wconf 79' lang='lat' dir='ltr'><strong>fratrem</strong></span> <span class='ocrx_word' id='word_1_219' title='bbox 1094 3353 1179 3413; x_wconf 87' lang='lat' dir='ltr'><strong>Tiri.</strong></span> 
     </span>
     <span class='ocr_line' id='line_1_30' title="bbox 143 3457 1178 3541; baseline -0.003 -18"><span class='ocrx_word' id='word_1_220' title='bbox 143 3463 233 3524; x_wconf 88' lang='lat' dir='ltr'><strong>daten</strong></span> <span class='ocrx_word' id='word_1_221' title='bbox 253 3461 316 3522; x_wconf 85' lang='lat' dir='ltr'><strong>dati</strong></span> <span class='ocrx_word' id='word_1_222' title='bbox 338 3483 356 3521; x_wconf 85' lang='lat' dir='ltr'><strong>a</strong></span> <span class='ocrx_word' id='word_1_223' title='bbox 377 3481 409 3520; x_wconf 88' lang='lat' dir='ltr'><strong>se</strong></span> <span class='ocrx_word' id='word_1_224' title='bbox 431 3459 518 3540; x_wconf 85' lang='lat' dir='ltr'><strong>regni</strong></span> <span class='ocrx_word' id='word_1_225' title='bbox 541 3468 695 3538; x_wconf 85' lang='lat' dir='ltr'><strong>expertem</strong></span> <span class='ocrx_word' id='word_1_226' title='bbox 720 3467 858 3518; x_wconf 81' lang='lat' dir='ltr'><strong>essesut</strong></span> <span class='ocrx_word' id='word_1_227' title='bbox 880 3457 994 3532; x_wconf 86' lang='lat' dir='ltr'><strong>alienae</strong></span> <span class='ocrx_word' id='word_1_228' title='bbox 1017 3458 1051 3520; x_wconf 77' lang='lat' dir='ltr'><strong>in</strong></span> <span class='ocrx_word' id='word_1_229' title='bbox 1069 3471 1178 3541; x_wconf 87' lang='lat' dir='ltr'><strong>puten-</strong></span> 
     </span>
    </p>

    <p class='ocr_par' dir='ltr' id='par_1_14' title="bbox 83 3563 1179 3759">
     <span class='ocr_line' id='line_1_31' title="bbox 83 3563 1178 3654; baseline -0.001 -23"><span class='ocrx_word' id='word_1_230' title='bbox 83 3584 124 3646; x_wconf 74' lang='lat'><strong>50</strong></span> <span class='ocrx_word' id='word_1_231' title='bbox 142 3573 202 3632; x_wconf 88' lang='lat' dir='ltr'><strong>tiae</strong></span> <span class='ocrx_word' id='word_1_232' title='bbox 222 3567 335 3629; x_wconf 83' lang='lat' dir='ltr'><strong>dunum</strong></span> <span class='ocrx_word' id='word_1_233' title='bbox 350 3569 480 3645; x_wconf 69' lang='lat' dir='ltr'><strong>balacre,</strong></span> <span class='ocrx_word' id='word_1_234' title='bbox 500 3577 532 3626; x_wconf 87' lang='lat' dir='ltr'><strong>et</strong></span> <span class='ocrx_word' id='word_1_235' title='bbox 555 3563 688 3654; x_wconf 79' lang='lat' dir='ltr'><strong>Corbulo</strong></span> <span class='ocrx_word' id='word_1_236' title='bbox 710 3565 834 3646; x_wconf 85' lang='lat' dir='ltr'><strong>dignum</strong></span> <span class='ocrx_word' id='word_1_237' title='bbox 858 3568 1066 3650; x_wconf 78' lang='lat' dir='ltr'><strong>magnitudine</strong></span> <span class='ocrx_word' id='word_1_238' title='bbox 1078 3589 1178 3651; x_wconf 83' lang='lat' dir='ltr'><strong>pepu-</strong></span> 
     </span>
     <span class='ocr_line' id='line_1_32' title="bbox 145 3671 1179 3759; baseline 0.002 -19"><span class='ocrx_word' id='word_1_239' title='bbox 145 3675 167 3740; x_wconf 89' lang='lat' dir='ltr'><strong>li</strong></span> <span class='ocrx_word' id='word_1_240' title='bbox 188 3676 318 3736; x_wconf 89' lang='lat' dir='ltr'><strong>Romaui</strong></span> <span class='ocrx_word' id='word_1_241' title='bbox 333 3676 454 3736; x_wconf 87' lang='lat' dir='ltr'><strong>rebatur</strong></span> <span class='ocrx_word' id='word_1_242' title='bbox 474 3685 563 3758; x_wconf 80' lang='lat' dir='ltr'><strong>putta</strong></span> <span class='ocrx_word' id='word_1_243' title='bbox 585 3674 659 3735; x_wconf 89' lang='lat' dir='ltr'><strong>olim</strong></span> <span class='ocrx_word' id='word_1_244' title='bbox 681 3695 699 3735; x_wconf 90' lang='lat' dir='ltr'><strong>a</strong></span> <span class='ocrx_word' id='word_1_245' title='bbox 720 3671 850 3734; x_wconf 84' lang='lat' dir='ltr'><strong>Lucullo</strong></span> <span class='ocrx_word' id='word_1_246' title='bbox 873 3675 1079 3759; x_wconf 85' lang='lat' dir='ltr'><strong>Pompeioque</strong></span> <span class='ocrx_word' id='word_1_247' title='bbox 1099 3679 1179 3742; x_wconf 74' lang='lat' dir='ltr'><strong>reci·</strong></span> 
     </span>
    </p>
   </div>
   <div class='ocr_carea' id='block_1_3' title="bbox 188 3887 1047 3970">
    <p class='ocr_par' dir='ltr' id='par_1_15' title="bbox 188 3887 1047 3970">
     <span class='ocr_line' id='line_1_33' title="bbox 188 3887 1047 3970; baseline 0 -24"><span class='ocrx_word' id='word_1_248' title='bbox 188 3962 189 3970; x_wconf 8' lang='grc' dir='ltr'>ἵ</span> <span class='ocrx_word' id='word_1_249' title='bbox 215 3897 257 3950; x_wconf 73' lang='lat' dir='ltr'><strong>at·</strong></span> <span class='ocrx_word' id='word_1_250' title='bbox 276 3890 384 3948; x_wconf 80' lang='lat' dir='ltr'><strong>arteria</strong></span> <span class='ocrx_word' id='word_1_251' title='bbox 401 3893 454 3951; x_wconf 68' lang='lat' dir='ltr'><strong>W.</strong></span> <span class='ocrx_word' id='word_1_252' title='bbox 470 3891 534 3946; x_wconf 80' lang='lat' dir='ltr'><strong>Mox</strong></span> <span class='ocrx_word' id='word_1_253' title='bbox 552 3893 644 3946; x_wconf 79' lang='lat' dir='ltr'><strong>avitas</strong></span> <span class='ocrx_word' id='word_1_254' title='bbox 662 3889 788 3959; x_wconf 78' lang='lat' dir='ltr'><strong>Lipsius:</strong></span> <span class='ocrx_word' id='word_1_255' title='bbox 807 3888 914 3944; x_wconf 77' lang='lat' dir='ltr'><strong>codtces</strong></span> <span class='ocrx_word' id='word_1_256' title='bbox 931 3887 1047 3946; x_wconf 73' lang='lat' dir='ltr'><strong>laetitae.</strong></span> 
     </span>
    </p>
   </div>
   <div class='ocr_carea' id='block_1_4' title="bbox 0 0 1454 4724">
    <p class='ocr_par' dir='ltr' id='par_1_16' title="bbox 0 0 1454 4724">
     <span class='ocr_line' id='line_1_34' title="bbox 0 0 1454 4724; baseline 0 1"><span class='ocrx_word' id='word_1_257' title='bbox 0 0 1454 4724; x_wconf 95' lang='lat' dir='ltr'><strong> </strong></span> 
     </span>
    </p>
   </div>
  </div>
 </body>
</html>
