2862 4730
486 296 717 362 suunnruu
739 297 813 360 nm.
837 299 878 362 u.
999 345 1002 353 .
1036 317 1039 322 ·
1112 274 1115 294 ‘
1158 305 1233 370 or·

159 482 249 552 specie
266 481 335 533 moti
354 479 476 533 Orientis
486 479 706 534 Germanicum
722 480 879 551 legionibus
893 481 978 532 suetis
987 481 1131 538 abstrahit.
1147 483 1203 558 Cui

158 584 237 648 paret
257 576 324 638 ille,
344 575 393 627 sed
411 576 494 628 lente.
531 576 608 628 Prius
627 575 704 628 eninr
725 575 900 630 Germaniam
922 573 1092 646 ingreditur,
1111 584 1141 639 et
1161 577 1203 630 ls-

159 673 266 726 bricota
284 673 390 740 ingenti
408 671 493 724 classe
515 673 671 725 exercitum
695 671 807 724 Oceano
826 672 862 725 ad
882 673 1016 724 Amisiam
1035 671 1138 726 flumen
1156 691 1205 728 re·

111 777 113 780 ’
158 769 211 823 hit.
248 767 310 821 lllic
328 768 500 838 Angrivarios
520 767 655 820 Stertinio
672 767 742 820 duee
761 767 911 838 populatur
930 774 959 820 et
986 769 1093 820 sternit.
1138 767 1204 822 Μοιι

158 865 313 920 Cheruscos
334 871 363 916 et
378 865 533 936 seminium
550 863 656 932 ingenti
675 863 782 934 prlelio
800 864 896 917 vineit.
941 861 1119 935 Multumque
1146 863 1206 934 glo·

130 936 133 943 ¹
160 962 219 1012 riae
237 968 368 1030 partum,
395 959 451 1010 nisi
480 957 510 1010 ln
528 975 650 1029 regressu
669 959 787 1012 fortuitu
805 959 896 1012 clades
916 975 976 1010 enm
996 957 1201 1016 oblitterasset:

160 1055 269 1109 navium
288 1055 362 1107 enim
387 1054 587 1126 hominumque
617 1057 763 1108 maximam
797 1063 906 1124 partem
931 1055 1092 1124 inceano
1110 1057 1205 1110 amisit

159 1151 187 1204 vi
205 1150 377 1218 tempestatis
398 1158 426 1202 et
443 1149 582 1218 imperitia
602 1151 662 1200 eius
679 1150 772 1205 maris.
808 1149 919 1203 Intreea
940 1151 1042 1202 Romae
1058 1153 1102 1204 vir
1120 1152 1205 1205 nobi·

159 1245 195 1296 lis
213 1244 284 1298 Libo
301 1245 404 1298 Drusus
423 1228 509 1298 studii
528 1246 618 1298 r'erum
636 1262 769 1298 novarum
788 1244 920 1300 defertur.
957 1235 1232 1302 incucurrisse-‘-
1280 1224 1281 1232 ἵ

158 1347 291 1404 ιιιιῑιι,ὀῑ
309 1348 386 1412 parte
404 1342 497 1414 aliqua
515 1341 696 1394 convincitur.
738 1338 1043 1396 Tiberium‘infensum
1064 1351 1204 1415 expertus,

159 1444 189 1488 et
206 1436 302 1490 veniae
320 1436 398 1488 nulla
418 1453 484 1506 spe,
502 1434 594 1507 gladio
614 1435 750 1488 incubuit.
788 1438 877 1493 Marci
897 1437 1006 1490 Hortali
1024 1431 1120 1507 preces
1142 1439 1205 1510 (ne-

158 1548 210 1605 pos
229 1533 253 1582 is
271 1529 426 1603 Hortensii)
444 1532 473 1582 in
491 1517 637 1584 manifesta
655 1538 820 1601 paupertate
838 1540 973 1602 spretaea
984 1533 1120 1602 principe.
1140 1531 1206 1586 cte-

159 1644 237 1684 ruens
261 1627 382 1681 Postumi
410 1628 547 1697 Agrippae
576 1643 669 1678 servus
692 1627 804 1679 domiuo
822 1628 969 1701 interfecto
989 1628 1088 1681 laniem
1108 1637 1136 1681 et
1153 1645 1207 1682 no-

159 1741 225 1776 men
244 1723 304 1775 eius
324 1724 475 1786 mentitur,
497 1739 539 1774 res
559 1721 693 1792 Romanas
714 1720 827 1788 turbat,
852 1725 958 1776 occulte
977 1725 1099 1777 conscios
1118 1723 1205 1777 etad-

135 1817 385 1870 ·iutores'multos
403 1816 496 1880 habet.
542 1817 634 1887 Ope'ra
657 1816 756 1884 'tamen
781 1825 809 1870 et
835 1819 948 1886 ingenio
970 1819 1097 1873 Saliustii
1115 1821 1205 1892 Crispi
1288 1853 1298 1864 ·

160 1912 223 1962 sine
250 1919 327 1964 mutu
352 1912 459 1988 capitur
484 1917 512 1964 et
530 1912 641 1964 Romam
665 1913 834 1982 perducitur.
872 1913 929 1967 Sub
948 1915 978 1968 id
1005 1924 1112 1985 tempus
1133 1917 1206 1970 Ger·
1233 1975 1241 1995 Ι

158 2009 287 2061 monicus
316 2007 359 2062 de,
376 2007 468 2074 Cattis·
493 2009 639 2062 Cheruscis
668 2009 789 2080 aliisque
807 2011 935 2080 gentibus
956 2011 1117 2082 triumphat.
1152 2013 1205 2066 Ar-

87 2164 97 2182 χ
162 2103 277 2158 chelaus
297 2102 489 2174 Cappadocum
508 2121 556 2160 rex
574 2107 604 2158 in
623 2105 721 2159 urbem
740 2108 844 2160 accitus
862 2109 1014 2178 etindigoe
1026 2107 1207 2162 habitualem

159 2203 285 2256 moritur.
322 2181 443 2270 Regnum
464 2203 524 2254 eius
545 2202 576 2252 in
591 2201 922 2271 provinciamredactum.
960 2180 1208 2269 Germanieoori·

160 2313 210 2350 eus
228 2296 375 2368 permissus
394 2311 456 2348 cum
475 2297 602 2360 maiorer
620 2313 733 2370 quoquo
753 2295 874 2359 adisset,
896 2301 1028 2369 imperio;
1048 2298 1143 2352 Gnaeo
1161 2299 1205 2350 Pi·
1229 2295 1254 2336 *⁴

161 2393 223 2444 soni
241 2391 319 2462 Syria
341 2407 400 2444 cum
421 2382 553 2454 occultis,
578 2398 609 2442 ut
633 2391 773 2456 creditur,
798 2391 829 2444 in
851 2383 1206 2448 Germanicum'maudatis.

161 2491 266 2541 Drusus
284 2489 313 2539 in
332 2487 472 2554 Illyrioum
490 2489 529 2550 it,
557 2483 613 2537 dux
632 2495 726 2538 contra
749 2489 923 2552 Germanos,
948 2489 996 2560 qui
1023 2497 1114 2542 tamen
1131 2488 1205 2541 inter

153 2572 190 2637 sse
212 2581 351 2635 discordes
371 2583 460 2634 otium
480 2589 508 2636 et
526 2579 702 2635 securitatem
713 2573 840 2636 Romanis
857 2584 956 2642 fecere,
993 2581 1124 2636 Cherusci
1136 2583 1204 2638 duee

162 2681 285 2732 Arminio
304 2687 446 2750 potentem
468 2685 497 2732 et
513 2687 635 2730 veterem
653 2695 743 2749 regern
760 2677 963 2730 Maroboduum
982 2695 1079 2748 magno
1092 2697 1143 2734 nee
1161 2663 1206 2733 iu·

162 2783 275 2831 cruento
294 2777 400 2845 praelio
418 2765 540 2828 vincunt.
585 2775 618 2826 ln
630 2772 695 2829 Asia
709 2773 857 2826 duodecim
875 2772 997 2824 celebres
1017 2773 1098 2826 urbes
1116 2781 1206 2826 terroe
1224 2781 1230 2792 ⁴

161 2881 238 2925 motu
258 2869 395 2941 collapsae
412 2863 460 2922 out
477 2859 675 2922 haustaesunt.
704 2871 863 2925 Tacfarinas
880 2871 911 2922 in
923 2867 1132 2931 Africabellum
1148 2871 1220 2923 sive.

164 2964 339 3022 latrocinium
360 2976 487 3032 exercet5
508 2965 593 3036 idque
613 2981 628 3018 a
648 2965 732 3018 Furio
751 2965 917 3034 proconsule
936 2966 1029 3018 statim
1043 2937 1205 3034 iepressum.
1257 2999 1261 3009 -

163 3047 343 3118 Germanicus
365 3062 395 3114 in
414 3061 569 3114 Armeniam
587 3059 681 3122 venit,
712 3075 802 3125 regem
820 3061 956 3112 Zenonem
985 3059 1146 3112 volentibus
1171 3059 1214 3112 iic

163 3159 289 3230 imponit.
326 3159 431 3210 Drusus
451 3157 603 3210 Germanos
624 3155 659 3206 ad
680 3155 829 3208 discordias
848 3155 942 3214 illicit,
972 3155 1159 3209 Maroboduus
1179 3157 1208 3208 vi

163 3253 318 3316 Catualdae,
330 3267 413 3322 regno
431 3251 526 3320 pulsus
544 3251 573 3303 in
591 3251 700 3302 ltaliam
719 3252 812 3314 venit,
831 3258 859 3302 et
877 3251 1021 3304 Ravennae
1033 3268 1082 3322 per
1100 3251 1207 3304 duode-
1257 3285 1261 3293 ι
1302 3253 1305 3258 ’

163 3349 262 3417 viginti
282 3347 450 3416 annosvegit.
487 3345 570 3398 Idem
578 3345 729 3398 Catualdae
746 3363 811 3398 mox
832 3361 926 3410 casus,
946 3343 995 3415 qui
1013 3345 1115 3398 Forum
1135 3339 1206 3397 Iuli·

164 3459 208 3494 um
227 3443 334 3496 missus.
372 3432 554 3512 Rhescuporis
576 3437 714 3494 Thracum
733 3429 781 3492 rex
799 3455 884 3510 opera
902 3439 1154 3508 Ponrponii‘l'lueci
1175 3442 1205 3493 in
1251 3471 1253 3475 ·
1311 3455 1316 3460 “

147 3537 252 3598 uvinela
273 3537 369 3601 datur,
388 3539 498 3589 liomom
517 3535 704 3606 perducitur.'
724 3533 901 3588 Germanicus
923 3536 1075 3604 Aegyptum
1096 3535 1203 3588 lustrat.
1237 3596 1239 3606 ,

165 3633 295 3688 Reversus
313 3632 474 3684 inimicitias
494 3605 554 3683 curn
572 3631 670 3684 Pisone
690 3637 799 3684 exercet
818 3638 847 3682 et
864 3629 1025 3688 denunciat.¹
1059 3631 1204 3702 Sedpaulo

165 3737 226 3799 post
247 3728 343 3782 morbo
363 3735 505 3803 correptus
524 3745 585 3783 curn
605 3728 711 3796 ingenti
729 3729 853 3798 gentium
872 3729 995 3780 omnium
1012 3729 1088 3788 luctu
1108 3728 1205 3782 Antio·

165 3824 243 3876 chiae
267 3825 461 3899 exstinguitur.
498 3813 605 3876 Veneni
626 3842 641 3876 a
659 3825 758 3878 Pisone
779 3823 837 3887 dati
855 3824 1053 3896 suspicioerot.
1090 3821 1146 3891 Qui
1157 3840 1206 3874 co·
1269 3887 1271 3892 ,

165 3928 245 3974 natus
267 3921 347 3978 armis
367 3919 471 3989 Syrium
490 3926 611 3990 repetere
630 3936 645 3970 a
664 3921 760 3974 Sentio
786 3919 904 3990 aliisque
930 3917 1088 3974 Germsniei
1110 3917 1204 3968 amieis

959 4031 1014 4073 'dil

933 4083 936 4092 ν
981 4071 1005 4100 *a
