2862 4730
402 275 406 281 '
449 291 527 354 nra.
554 292 579 354 1.
617 283 712 356 car.
730 289 867 364 σε’-70.
1019 306 1039 402 j
1157 295 1197 364 ss

160 455 300 562 gionibus
319 474 494 546 habentem.
540 474 577 537 ld
596 475 712 538 Tiberii
734 479 869 538 animum
893 475 985 538 altius
997 461 1197 561 'penetravitr
1211 477 1238 552 (ε
1250 477 1279 533 C·
1293 472 1344 546 rt.)

161 609 222 648 non
243 587 325 648 enim
345 581 498 666 simplices
518 603 569 646 eas
586 607 691 663 curas,
712 607 768 646 nec
788 585 934 646 adversus
956 595 1095 647 externos
1116 585 1199 648 mili·

161 705 225 758 tem
248 697 364 778 quaeri.
403 690 489 752 Nihil
510 689 648 754 relictum
671 693 917 776 imperatoribus,
942 693 995 754 ubi
1009 693 1119 754 lemine
1133 714 1201 756 ma·

162 803 281 885 nipulos
301 800 478 877 intervisat,
499 803 596 882 ‚signa
611 800 722 878 adeat,
756 800 950 883 largitionem
971 809 1094 880 tentet,
1129 811 1203 862 tau·

105 905 254 992 ¹dquam
276 931 386 992 parum
408 909 566 970 ambitiose
586 907 683 973 lilium
703 909 790 972 ducis
808 911 921 993 gregali
941 910 1049 971 habitu
1071 909 1204 974 circum·

162 1017 241 1077 ferat
262 1017 483 1100 Caesaremque
506 1016 673 1100 Caligulam
693 1017 841 1102 appellari
861 1019 947 1085 velit.
977 1018 1204 1081 Potiorcmlaue

54 1107 58 1112 ¹
163 1125 244 1207 apud
266 1129 419 1188 exercitus
441 1127 643 1212 Agrippinam
672 1149 765 1212 quam
791 1125 925 1209 legatos,
956 1149 1049 1210 quam
1083 1127 1177 1190 duces
1192 1135 1227 1206 ;‘

160 1255 366 1317 compressam
388 1255 406 1294 a
427 1233 557 1296 muliere
575 1236 767 1314 seditionem,
790 1236 838 1298 cui
858 1235 1126 1319 uomenpriocipis
1143 1232 1202 1296 ob·

161 1343 268 1410 sistere
287 1365 349 1404 uon
369 1343 518 1426 quiverit.
574 1341 774 1408 Accendebst
792 1345 867 1408 haec
888 1343 1097 1428 onerabatque
1116 1341 1202 1432 Seia·

118 1471 244 1526 mnus,
264 1453 373 1534 peritia
395 1473 515 1516 morum
536 1453 658 1515 Tiberii
677 1453 750 1516 odia
771 1454 803 1516 in
825 1450 950 1539 longum
964 1429 1100 1535 iaciens,
1121 1471 1203 1536 quae
1226 1439 1242 1464 ⁶

165 1560 345 1622 reconderet
366 1571 517 1644 auctaque
537 1571 702 1644 promeret.

14 1747 17 1754 Ι
108 1673 164 1758 70
208 1749 219 1756 „
248 1669 292 1730 At
313 1657 514 1734 Germanicus
533 1671 710 1756 legionum,
731 1689 808 1751 quas
829 1670 963 1732 navibus
982 1677 1132 1747 vexerat,
1154 1687 1204 1729 se·-

165 1779 301 1842 cundam
322 1788 352 1838 et
375 1790 519 1868 quartam
540 1779 710 1860 decimam,
733 1779 843 1840 itinere
865 1788 1004 1840 terrestri
1023 1773 1136 1838 Publio
1146 1774 1205 1836 vi·

164 1883 253 1946 tellio
276 1885 429 1950 ducendas
450 1886 563 1966 tradit,
595 1907 657 1970 quo
679 1883 777 1948 levior
799 1885 900 1948 classis
921 1883 1033 1947 vadoso
1055 1881 1131 1945 mari
1154 1883 1207 1946 in.

119 1987 276 2066 sineret,
301 1993 349 2055 vel
368 1996 526 2078 reciproco
550 1997 672 2058 sideret.
734 1995 881 2057 Vitellius
900 1995 1035 2076 primum
1049 1994 1108 2054 iter
1127 1993 1207 2054 sicca

142 2096 260 2162 ¹humo
283 2113 336 2164 aut
365 2103 485 2166 modice
514 2104 667 2166 allabente
695 2115 779 2166 aestu
811 2106 950 2186 quietum
981 2103 1109 2166 halruitt
1139 2123 1209 2164 mox

166 2209 299 2290 impulsu
320 2211 491 2292 aquilonis,
521 2212 612 2274 simul
642 2211 740 2273 sidere
762 2215 967 2296 aequinoctii,
999 2233 1060 2296 quo
1080 2211 1210 2272 maxime

166 2323 308 2382 torrescit
340 2308 498 2398 Oceanus,
531 2321 597 2402 rapi
627 2323 737 2402 agique
770 2341 890 2404 agmen.
946 2321 989 2383 Et
1007 2318 1210 2403 opplebantur

165 2437 286 2488 terrae:
310 2429 416 2491 eadem
440 2429 521 2488 freto
545 2428 640 2490 littori
670 2430 785 2512 campis
805 2431 922 2492 facies:
955 2449 1055 2512 neque
1076 2426 1209 2488 discerni

118 2544 310 2616 nopoterant
332 2539 446 2600 incerta
466 2537 508 2596 ab
526 2533 648 2615 solidis,
667 2536 775 2598 brevia
796 2560 814 2602 a
836 2538 1012 2621 profundis.
1054 2534 1211 2612 Sternun-

165 2654 220 2704 tur
241 2643 404 2723 fluctibus,
426 2645 617 2705 hauriuntur
628 2644 799 2726 gurgitibus
815 2626 948 2706 iumenta
965 2643 1124 2718 sarcinae3
1145 2661 1209 2702 cor·

165 2773 241 2833 pora
263 2753 399 2814 exanima
419 2749 600 2816 interfluunt
618 2763 789 2816 occursant.
834 2753 1065 2814 Permiscentur
1085 2750 1167 2807 inter
1177 2751 1209 2806 se

166 2858 337 2940 manipuli,
373 2860 466 2922 modo
495 2871 618 2944 pectore
645 2861 737 2922 modo
763 2881 819 2922 ore
840 2869 930 2921 tenus
951 2866 1120 2932 exstantes,
1152 2851 1209 2914 ali·

166 2968 290 3051 quando
311 2969 471 3029 subtracto
492 2969 557 3030 solo
589 2969 709 3030 disiecti
740 2979 794 3029 aut
822 2968 937 3031 obruti.
989 2965 1058 3026 Non
1089 2984 1147 3023 vox
1179 2972 1210 3022 et

120 3079 268 3151 25mutui
291 3051 430 3136 hortatus
452 3053 601 3137 iuvabant
619 3076 801 3139 adversante
820 3077 923 3154 unda3
962 3073 1039 3136 nihil
1067 3083 1209 3133 strenuus

73 3195 81 3206 “
168 3185 208 3246 ab
239 3185 365 3266 ignavo,
384 3185 518 3266 sapiens
547 3185 586 3244 ab
617 3186 708 3264 rudi,
747 3186 871 3248 consilia
908 3206 1023 3245 acasu
1061 3167 1208 3242 dillerre:

168 3303 279 3352 cuncta
301 3294 368 3375 pari
388 3291 533 3352 violentia
558 3293 807 3362 involvebantur.
851 3289 993 3353 Tandem
1014 3289 1157 3350 Vitellius
1180 3287 1211 3346 in
1288 3299 1293 3316 ·

169 3397 295 3459 editiora
320 3400 423 3462 enisus
448 3401 555 3464 eodem
575 3424 684 3487 agmen
699 3403 855 3464 subduxit.
897 3403 1125 3464 Pernoctavere
1146 3393 1212 3454 sine

170 3505 374 3584 utensilibus,
397 3507 464 3571 sine
487 3511 567 3592 igni,
590 3499 705 3595 magua
722 3533 793 3595 pars
814 3511 897 3572 oudo
916 3519 970 3574 aut
989 3502 1123 3566 mulcato
1141 3524 1213 3564 cor·
1319 3527 1322 3538 ’

183 3708 454 3726 Φ-ῠ-ιοδ--οι--ιυ-ι.

254 3867 278 3936 a.
298 3847 423 3920 militem]
445 3852 562 3908 militum
582 3851 618 3905 Μ.
709 3851 711 3855 ’

133 3985 135 3988 .
242 3944 284 3996 ab.
303 3942 470 4013 aprutiensi
490 3945 592 4018 blsjeb
608 3945 676 4000 rude
695 3945 849 3999 trenetur:
870 3945 905 3998 ei
924 3943 988 3997 rudi
1009 3940 1134 3994 woltun.
1185 3998 1189 4005 .
