2900 4724
839 69 855 98 Ι

154 318 178 389 y
209 297 269 362 aso
625 293 862 409 suranna·
961 321 964 332 ·

21 467 172 548 ’.(ι(0(
179 471 325 554 )egebat.
368 470 456 530 Ac
428 492 458 530 nr
482 471 605 532 caedem
626 475 691 532 eius
713 471 873 535 Narcissus
892 474 1120 572 properavisset‘,
1141 483 1241 532 verte

205 587 254 636 rat
273 577 419 657 pernicies
442 579 474 636 in
496 587 713 642 accusatorem
737 577 816 644 Nare
830 561 975 642 Claudius
991 577 1114 638 domum
1128 600 1241 660 regres-¹

204 703 254 742 sus
274 691 304 740 et
327 683 513 762 tempestivis
542 683 637 766 epulis
658 680 829 758 delenitus,
861 685 911 748 ubi
936 689 1007 746 vino
1030 685 1174 764 incaluit,
1200 685 1240 744 iri

203 788 288 848 iubet
307 787 653 868 nuntiariquemiserae
670 787 744 861 (1888
768 791 846 863 enim
869 789 962 848 verbo
995 811 1083 849 usum
1103 731 1236 869 ferdnt),

117 887 128 894 ’
205 895 363 956 dicendam
382 892 565 958 adcausam
587 904 707 975 postera
727 893 776 952 die
797 888 914 956 adesset
967 895 1058 972 Quod
1082 896 1134 956 ubi
1151 884 1277 964 ¹audi-5

106 1044 109 1050 -
205 994 270 1061 tum
292 1003 330 1080 (88
351 998 570 1082 languescere
561 1021 626 1069 rra,
652 999 750 1061 redire
777 991 883 1074 amor,
905 1021 939 1060 ac
962 1002 985 1060 si
1007 1013 1241 1080 cunctarentur,

204 1107 376 1204 propinqua
405 1129 462 1170 nox
495 1117 525 1167 88
559 1109 655 1170 uxorii
687 1107 821 1168 cubiculi
853 1110 995 1168 meritoria
1018 1109 1243 1186 timebantur),

205 1217 376 1297 prorumpit
390 1191 544 1290 Narcissus
566 1215 787 1298 denuntiatque
809 1217 1036 1290 centurionibus
1055 1229 1087 1278 et
1106 1217 1241 1289 tribuno,

204 1323 258 1404 qui
279 1322 418 1396 aderant,
441 1319 721 1402 exsequicaedem:
748 1321 789 1380 ita
804 1323 1021 1400 imperatorem
1036 1322 1168 1386 iubere·
1182 1323 1243 1380 Cu·
1330 1358 1334 1362 ·

205 1439 266 1490 stos
287 1440 317 1488 et
338 1436 458 1488 exactor
481 1447 497 1488 e
525 1425 646 1488 libertis
664 1425 788 1488 Euodus
807 1419 911 1488 datus.
961 1431 1057 1508 isque
1070 1430 1179 1508 raptim
1209 1431 1238 1488 in
1264 1450 1302 1500 ιφ

202 1539 305 1600 hortos
323 1556 541 1636 praegressus,
565 1537 702 1617 repperit
724 1535 820 1596 fusam
841 1536 948 1614 hurni,
979 1536 1127 1596 assidente
1149 1548 1255 1598 matre-

202 1645 334 1726 Lepida,
357 1665 435 1728 quae
458 1641 576 1712 nocenti
598 1643 675 1705 filiae
712 1643 794 1728 haud
822 1665 975 1722 concors,
997 1645 1151 1724 supremis
1181 1647 1244 1723 eins
1274 1675 1294 1690 ··

205 1750 432 1814 necessitatibus
453 1749 491 1810 ad
516 1751 738 1820 miserationem
775 1751 872 1816 evicta
902 1761 987 1824 erat,
1018 1749 1243 1833 suadebatque,

205 1881 245 1931 ne
267 1879 471 1942 percussorem
493 1863 695 1939 opperiretur.
738 1859 896 1920 Transisse
915 1858 1020 1934 vitam,
1043 1879 1141 1940 neque
1162 1858 1243 1918 aliud

205 1987 298 2048 quam
320 1962 526 2045 mortidecns
545 1961 764 2043 quaerendum.
810 1963 871 2024 Sed
897 1966 999 2042 animo
1018 1955 1076 2046 per'
1102 1962 1242 2022 libidines
1266 1960 1302 2038 85

207 2084 347 2154 corrupto
368 2068 443 2132 nihil
466 2070 625 2130 honestum
647 2071 760 2134 inerat:
784 2071 986 2152 lacrimaeque
1007 2081 1039 2134 et
1058 2081 1181 2152 questus
1201 2070 1244 2129 ir·

206 2180 257 2240 riti
276 2179 486 2252 ducebantur,
511 2199 579 2236 cum
601 2178 717 2258 impetu
743 2177 930 2240 venientium
953 2179 1055 2260 pulsae
1076 2179 1168 2264 sores,
1189 2177 1245 2242 ad·
1285 2201 1289 2204 ·

207 2285 342 2366 stititque
360 2285 499 2344 tribunus
517 2304 570 2364 per
590 2282 765 2358 silentium,
788 2295 819 2344 at
841 2268 968 2349 libertus
989 2285 1243 2368 increpansmul·

208 2395 246 2452 tis
267 2402 298 2450 et
321 2390 479 2451 servilibus
510 2388 639 2469 probris.
692 2390 791 2464 Tunc¹
816 2393 947 2472 primum
979 2392 1130 2457 fortunam
1159 2392 1305 2469 suam38

208 2499 407 2580 introspexit,
430 2497 611 2580 ferrumque
641 2503 771 2580 accepit,
805 2502 887 2582 quod
919 2502 1034 2572 frustra
1062 2501 1165 2582 iugulo
1190 2513 1243 2560 aut
1265 2515 1307 2558 20

158 2620 161 2624 ·
208 2605 322 2682 pectori
331 2623 397 2706 per
410 2603 639 2706 trepidationem
654 2604 818 2675 admovens
842 2606 901 2666 ictu
923 2606 1049 2668 trihuni
1062 2609 1245 2690 transigitur.

185 2764 188 2770 .
209 2707 329 2791 Corpus
349 2713 439 2774 matri
469 2733 657 2774 concessum.
703 2713 945 2792 Nuntiatumquc
965 2710 1091 2772 Claudio
1113 2718 1246 2796 epulanti

207 2817 318 2899 perisse
351 2815 563 2890 Messalinam,
596 2839 656 2886 non
689 2817 829 2882 distincto
860 2839 913 2878 sua
946 2839 984 2878 au
1018 2818 1117 2880 aliena
1143 2841 1244 2884 mauu.

143 3000 146 3007 ἱ
208 2921 341 2984 Nec'ille
364 2924 530 3007 quaesivit,
556 2927 750 3006 poposcitque
772 2923 915 3006 poculum
943 2936 973 2984 et
996 2923 1242 2994 solitaconvivio

209 3028 400 3104 celebravit„
445 3029 490 3090 Ne
536 3031 643 3091 secutis
703 3031 825 3119 quidem
879 3029 1000 3108 diebus,
1031 3029 1104 3111 odiit
1141 3031 1242 3112 gaudii
1265 3031 1305 3106 25

209 3138 273 3198 irae
293 3139 448 3226 tristitiae,
473 3136 564 3200 ullius
586 3137 717 3218 denique
744 3137 869 3202 humani
892 3139 1015 3212 affectus
1035 3139 1118 3220 signa
1151 3137 1242 3213 dedit,

209 3267 272 3306 non
295 3266 365 3331 cum
388 3244 535 3324 laetantes
568 3255 752 3308 accusatores
781 3248 945 3326 aspiceret,
977 3268 1038 3307 non
1072 3267 1142 3306 cum
1169 3245 1245 3322 filios

211 3327 389 3438 maereptes.
432 3347 572 3428 Iuvitque
589 3348 771 3422 oblivionem
794 3351 856 3408 eius
879 3349 999 3410 senatus
1017 3352 1167 3430 censendo
1191 3375 1245 3418 no·

214 3514 477 3535 -υιιι--ψ-ιμ-σιῃ,

187 3607 410 3690 'conponendas
429 3631 520 3686 preces
540 3617 657 3686 superbe
680 3620 763 3688 egisse
792 3635 846 3672 uon
875 3627 922 3672 est.
946 3619 1113 3682 verisimile,
1150 3638 1242 3691 neque

186 3743 189 3754 ι
209 3713 339 3781 probatur
357 3711 411 3760 illis
433 3725 459 3764 et
481 3710 636 3779 aliquando
653 3714 715 3764 irc:
735 3730 794 3764 nam
807 3715 876 3782 ,quis
891 3713 996 3768 'nescit
1015 3713 1093 3766 lracti
1112 3715 1244 3781 debilitau-

172 3785 174 3794 ’
211 3803 534 3882 tiqueauimihominer
554 3806 620 3856 iram
642 3807 773 3867 renuere,
793 3806 948 3875 superbiam
976 3810 1072 3878 procul
1086 3809 1226 3864 abiicere?
1257 3825 1258 3830 ¹

300 3917 324 3968 9·
342 3897 440 3952 oderat
461 3899 509 3950 Mc,
877 3898 884 3914 ⁰
