2862 4726
456 304 536 372 tta.
562 308 618 376 lV.
660 307 749 375 GAP·
772 313 908 383 tta-68.
1135 311 1197 380 lid

156 493 254 546 testas
275 485 307 546 in
335 477 506 547 Favonium
526 485 656 548 obuersa
676 499 706 548 et
726 498 831 572 aperto
852 489 968 552 circum
989 487 1096 573 pelago
1111 511 1200 576 pera-
1212 496 1240 569 (a
1257 495 1350 568 (lap.)

158 611 279 655 moena.
319 595 599 677 Prospectabatque
621 593 863 677 pulcherrimum
885 596 1010 674 sinum,
1033 605 1201 679 antequam

158 688 309 764 Vesuvius
333 723 420 763 mons
441 699 599 763 ardescens
627 695 734 764 lacicm
754 703 812 765 loci
837 715 996 796 verteret,
1009 705 1142 766 Graecos
1162 721 1200 765 ea

159 807 293 872 tenuisse
304 809 493 892 Capreasque
507 809 649 872 Telebois
659 794 814 872 lrabitatas
828 811 910 872 lama
927 810 1034 878 tradit.
1057 807 1117 871 Sed
1137 821 1205 870 tum

34 989 39 998 ,
122 915 306 990 &Tiberius
319 917 476 978 duodecim
492 919 634 980 villarum
648 919 822 980 nominibus
837 930 867 980 et
881 911 1014 981 molibus
1033 915 1199 998 insederat,
1214 969 1224 993 ,

157 1035 272 1107 quanto
295 1025 431 1088 intentus
456 1027 529 1088 olim
544 1026 682 1108 paulinas
693 1027 732 1087 ad
748 1027 850 1105 curas,
863 1037 949 1088 tauto
964 1023 1101 1088 occultos
1111 1028 1142 1087 in
1154 1024 1205 1106 lu·

159 1153 214 1194 xus
236 1142 266 1192 et
286 1133 400 1194 malum
421 1133 520 1196 otium
543 1133 699 1196 resolutus.
743 1137 890 1197 Manebat
913 1136 1027 1218 quippe
1058 1135 1207 1217 suspicio·

161 1259 237 1312 uum
258 1250 287 1300 et
307 1239 455 1300 credendi
485 1245 659 1318 temeritas,
690 1259 783 1326 quam
815 1235 944 1304 Seianus
975 1260 1087 1322 augere
1115 1238 1208 1322 ctiam
1296 1241 1302 1250 “

162 1351 194 1410 in
217 1347 293 1408 urbe
314 1319 416 1410 suetus
438 1351 536 1410 aerius
557 1351 702 1410 turbabat
724 1372 787 1410 non
813 1351 873 1410 iam
897 1345 1025 1408 occultis
1045 1345 1209 1407 adversum

109 1479 145 1524 ιο
164 1457 364 1538 Agrippinam
388 1467 419 1516 et
440 1454 594 1516 Neronem
615 1454 741 1520 insidiis.
776 1457 854 1534 Quis
877 1453 1000 1516 additus
1018 1451 1105 1514 miles
1127 1471 1208 1513 nuu-
1248 1497 1258 1506 .

10 1534 18 1569 Ι
163 1566 221 1628 tios
241 1563 406 1636 introitus,
428 1571 535 1642 aperta
559 1572 675 1626 secreta
700 1561 787 1622 velut
815 1559 851 1630 „in
882 1557 1008 1648 annales
1036 1555 1209 1636 reserabat,

163 1669 308 1750 ultroque
331 1666 528 1728 struebantur
543 1671 595 1750 qui
615 1679 774 1732 monerent
787 1667 949 1749 perfugere
970 1661 1015 1728 ad¹
1028 1667 1212 1729 Germaniae

165 1778 336 1848 exercitus,
364 1773 412 1836 vel
433 1777 635 1838 celeberrimo
660 1775 718 1844 fori
751 1771 879 1858 effigiem
908 1775 971 1836 divi
999 1776 1212 1860 Augustiana·

167 1883 282 1968 plecti,
303 1881 509 1965 populumque
541 1905 579 1944 aa
605 1893 746 1946 senatum
781 1881 894 1944 auxilio
926 1886 1049 1949 vocam,
1100 1879 1208 1970 anue
1281 1923 1290 1964 t

107 2005 149 2070 15
169 2000 272 2074 spreta
295 1989 433 2070 abillis,
457 1990 543 2052 velut
563 2003 732 2074 pararent,
755 1987 993 2070 obiiciebantur.

102 2105 165 2186 68
251 2101 338 2160 lunio
361 2099 465 2160 Silano
488 2101 621 2162 et'Silio
645 2100 744 2162 Nerva
774 2098 950 2162 consulibua
982 2098 1105 2162 foedum
1136 2097 1277 2184 annl(a.n.
1288 2113 1360 2186 781.)

167 2207 351 2292 principium
372 2209 492 2268 incessit
518 2219 615 2270 tracto
644 2195 675 2270 in
705 2225 861 2272 carcerem
891 2209 1001 2272 illustri
1024 2210 1125 2292 equite
1148 2207 1249 2277 tto-(s
1266 2207 1361 2280 ΕΑΒ.)

167 2335 278 2391 mano,
300 2313 382 2374 Titio
402 2315 532 2392 Sabino,
551 2316 590 2378 ob
614 2317 780 2411 amicitiam
801 2317 987 2378 Germanicia
1007 2293 1108 2400 aequa
1130 2316 1212 2380 enim

152 2423 313 2499 ,omiserat
328 2424 485 2504 coniugem
497 2422 674 2506 liberosque
693 2427 757 2485 eius
773 2424 937 2506 percolere,
958 2435 1092 2490 sectator
1112 2422 1208 2501 domi,
1252 2493 1253 2498 η
1278 2419 1292 2484 ,’

106 2561 152 2604 20
172 2512 276 2592 eomes'
290 2533 319 2610 in
335 2531 475 2614 publicu,
497 2543 564 2613 post
584 2543 630 2593 tot
651 2531 778 2593 clientes
798 2553 898 2608 unus,
921 2551 1019 2616 eoque
1043 2531 1125 2614 apud
1155 2531 1214 2594 bo*

169 2662 222 2702 nos
246 2618 385 2701 laudatus
405 2651 435 2721 et
466 2642 566 2721 gravis
599 2639 722 2722 iniquis.
770 2625 865 2700 'Hune
896 2641 1034 2701 Latinius
1061 2641 1211 2722 Latiaris,

110 2787 117 2803 s
168 2746 298 2808 Porcius
321 2751 420 2826 Cato,
455 2749 582 2828 Petitiu‘s
622 2748 736 2826 Rufus,
766 2748 890 2810 Marcus
921 2749 1033 2830 Opsius
1070 2757 1215 2830 praeusta

85 2908 87 2912 .
169 2853 264 2914 functi
286 2834 524 2940 adgrediuntur,
569 2857 712 2938 cupidine
741 2854 941 2934 consulatus,
964 2853 1003 2914 ad
1024 2875 1118 2938 quem
1150 2875 1215 2917 nou

171 2965 228 3024 uisi
252 2985 308 3046 per
329 2965 471 3025 Seianum
484 2963 602 3041 aditus;
624 2983 722 3044 neque
743 2963 845 3023 Seiani
866 2959 1006 3024 voluntas
1025 2961 1083 3038 nisi
1098 2958 1215 3024 scelere
1248 2947 1249 2952 ἵ

110 3075 154 3138 25
173 3072 385 3152 quaerebatur.
440 3059 664 3152 ‘Compositum
708 3072 788 3132 inter
832 3070 930 3153 ipsos,
989 3079 1025 3131 ut
1062 3069 1213 3144 Latiaris,

173 3178 225 3260 qui
247 3179 366 3242 modico
390 3180 614 3242 usu-Sabinum
637 3179 842 3264 contingebat,
869 3189 1002 3240 strueret
1026 3178 1143 3253 dolum,
1166 3197 1217 3236 ce·

173 3287 232 3346 teri
253 3297 343 3348 testes
364 3287 519 3366 adessent,
539 3285 650 3350 deinde
672 3290 896 3353 accusationem
917 3287 1096 3368 inciperent.
1119 3285 1218 3368 Igitur

174 3393 306 3454 Latiaris
329 3399 426 3458 iacere
441 3397 584 3456 fortuitos
601 3395 732 3478 primum
746 3416 912 3472 sermones,
929 3415 998 3456 mox
1008 3391 1132 3452 laudare
1143 3411 1218 3452 con-

176 3505 341 3588 stantiam,
377 3501 461 3585 quo'd
491 3523 570 3578 non,¹
600 3513 633 3561 ut
663 3505 775 3581 ceteri,
810 3499 943 3560 florentis
970 3493 1226 3576 domusamicus'

117 3625 159 3686 50
179 3610 323 3670 afflictam
349 3599 547 3690 deseruissem
571 3609 660 3670 simul
681 3609 799 3670 honora
821 3609 858 3670 de
878 3587 1080 3688 Germanic'o,
1102 3603 1219 3688 Agrip·
1252 3643 1266 3663 s

177 3777 424 3802 ··········-·-······r··

187 3881 190 3892 *
268 3869 293 3918 6.
316 3863 453 3914 occrrtcr‘or
477 3865 523 3914 M:
542 3864 665 3914 occultos
685 3862 705 3920 Ι,
725 3859 768 3920 Fr.
787 3861 949 3915 Gronovius.

255 3961 284 4030 ιζ»
313 3957 505 4011 obiciebantur·
524 3957 585 4023 (tt).
