2826 4730
199 245 258 310 184
607 234 831 300 dNNALlUM

46 432 76 485 (λ
97 423 234 494 (hidre
254 435 336 485 certo
356 425 533 500 firmantur,
556 431 695 502 prompte
716 422 905 482 refutaveris.
959 425 1036 501 Quis
1061 426 1143 484 enim
1170 448 1235 488 me-

192 534 290 594 diocri
313 531 503 613 prudentia,
529 529 644 589 nedum
668 529 812 589 Tiberius
835 529 928 588 tantis
951 532 1042 592 rebus
1069 536 1233 610 exercitus,

147 713 149 720 Ι
191 643 328 702 inaudito
348 639 409 704 filio
432 641 554 711 exitium
575 637 722 716 offerret,
747 637 845 724 ¹idque
875 656 934 698 sua
962 661 1056 698 manu
1085 651 1118 701 et
1149 640 1237 702 nullo

191 751 229 810 ad
259 751 651 832 paenitendumsregressu,
685 747 759 830 quin
790 750 889 828 potius
924 750 1095 810 ministrum
1128 751 1235 818 veneni

192 859 397 934 excruciaret,
417 867 571 917 auctorem
596 854 789 938 exquireret,
811 857 898 916 insita
923 857 1055 938 denique
1080 858 1171 916 etiam
1201 858 1232 916 in
1255 859 1297 926 ἔμ’

191 979 347 1029 extraneos
367 965 561 1028 cunctatione
579 975 610 1026 et
635 985 722 1024 mora
741 964 905 1026 adversum
925 967 1051 1024 unicum
1075 975 1106 1026 et
1139 965 1232 1026 nulli-

191 1099 227 1136 us
245 1087 316 1135 ante
335 1074 441 1155 flagitii
463 1083 653 1154 compertum
675 1073 836 1132 uteretur?
867 1071 925 1182 Spd
941 1073 1013 1154 quia
1035 1072 1161 1134 Seianus
1186 1059 1233 1134 sa·
1258 1067 1264 1086 '

173 1185 334 1245 ,cinorum
361 1184 497 1242 omnium
533 1191 672 1261 repertor
699 1179 899 1257 habebatur,
918 1201 952 1240 ex
984 1183 1077 1242 nimia
1104 1183 1232 1242 caritate

191 1295 222 1350 in
246 1313 315 1352 eum
338 1291 473 1350 Caesaris
505 1298 539 1363 et
556 1299 729 1348 ceterorum
751 1290 783 1346 in
805 1297 973 1369 utrumque
987 1283 1073 1348 'odio
1093 1293 1232 1370 quamvis

191 1399 326 1461 fabulosa
349 1411 380 1460 et
401 1379 544 1458 immania
578 1397 804 1473 credebantur,
820 1397 983 1458 atrociore
1005 1415 1123 1476 semper
1152 1397 1231 1458 fama
1255 1431 1289 1469 10

164 1570 168 1584 ‚
191 1530 262 1590 erga
284 1499 506 1568 dominantium
525 1505 630 1566 exitus.
650 1506 734 1566 Ordo
760 1504 873 1586 alioqui
894 1503 1016 1565 sceleris
1037 1526 1095 1585 per
1117 1505 1231 1586 Apica.

190 1627 254 1678 tam
276 1613 556 1698 Setantprnditus,
579 1617 741 1674 tormentis
760 1613 891 1674 Eudemi
913 1635 949 1672 ac
970 1612 1071 1695 Lygdi
1100 1615 1233 1694 patefac·
1265 1596 1309 1697 ''-

190 1734 240 1784 tns
262 1733 316 1787 est.
360 1721 467 1803 Neque
487 1724 648 1804 quisquam
669 1715 800 1802 scriptor
819 1731 882 1780 tam
901 1719 1036 1780 infensus
1057 1709 1175 1782 exstitit*
1199 1731 1233 1780 ut

190 1831 315 1894 Tiberio
339 1830 522 1902 obiectam,
546 1831 741 1890 cum'omnia
765 1827 823 1889 alia
847 1830 1064 1910 conquirerent
1093 1829 1233 1890 intende-

129 1957 131 1962 ·
192 1947 332 2020 rentque.
353 1935 431 1996 Mihi
450 1935 592 1996 tradendi
614 1932 823 2016 arguendique
845 1933 981 1994 rumoris
1002 1957 1093 2038 causa
1113 1935 1181 2013 suit,
1201 1913 1236 1998 ut
1257 1941 1293 2005 15
1339 1927 1342 1934 ¹

192 2045 274 2106 claro
294 2044 352 2106 sub
382 2042 518 2125 exemplo
550 2041 638 2104 falsas
668 2041 837 2101 auditiones
862 2041 1065 2123 depellerem,
1086 2053 1236 2127 peterem·

192 2177 252 2237 qne
273 2153 313 2212 ab
334 2153 379 2228 iis,
402 2172 534 2233 qnorum
555 2152 587 2209 in
610 2169 719 2208 manus
739 2169 813 2208 cura
835 2160 941 2210 nostra
961 2151 1103 2230 venerit,
1126 2172 1167 2212 ne
1187 2152 1244 2212 di-
1309 2144 1316 2154 ⁸

192 2257 315 2340 vulgata
336 2269 427 2338 atque
447 2257 634 2317 incredibilia
657 2256 747 2316 avide
763 2268 889 2340 accepta
910 2259 991 2320 veris
1009 2279 1110 2340 neque
1129 2261 1161 2318 in
1176 2262 1236 2320 mi·
1281 2273 1297 2303 ²
1331 2281 1335 2284 ·

195 2365 335 2437 raculum
354 2367 505 2447 corruptis
532 2365 748 2426 antehabeaut.
1088 2433 1092 2436 ,

277 2473 419 2532 Ceterum
441 2470 587 2532 laudante
609 2451 707 2532 tilium
731 2494 788 2554 pro
814 2474 918 2534 rostris
948 2437 1083 2544 Tiberio,
1113 2476 1290 2560 senatusffl

193 2579 384 2660 populusque
405 2578 543 2640 habitum
565 2601 600 2640 ac
624 2602 713 2642 voces
736 2581 891 2642 dolentum
918 2580 1111 2642 simulatione
1140 2585 1237 2666 magis

193 2709 285 2768 quam
310 2688 407 2748 libens
425 2687 593 2762 induebat,
626 2689 811 2772 domumque
843 2691 1020 2751 Germanici
1049 2691 1238 2751 revirescere

195 2790 307 2852 occulti
328 2791 532 2876 laetabantur.
573 2794 665 2872 Quod
700 2779 882 2876 principium
911 2796 1044 2868 favoris,
1078 2793 1115 2856 et
1140 2808 1237 2860 mater

193 2899 363 2982 Agrippina
384 2922 472 2984 spem
487 2899 568 2962 mele
588 2913 711 2983 tegens,
733 2905 897 2984 perniciem
918 2902 1137 2964 acceleravere.
1160 2884 1236 2964 Nam

194 2989 319 3067 Seianus
336 3008 391 3068 ubi
411 3007 496 3069 videt
523 3019 655 3068 mortem
685 3009 779 3068 Drusi
808 3008 939 3068 inultam
971 3010 1216 3072 interfectoribus
1224 3055 1234 3090 ,
1256 3013 1292 3078 25

195 3115 261 3174 sine
282 3136 420 3176 maerore
439 3116 667 3197 publico‘esse,
685 3117 769 3194 ferox
793 3116 963 3191 scelerum,
987 3129 1018 3179 et
1044 3120 1115 3200 qnia
1137 3121 1238 3200 prima

195 3233 419 3304 provenerant,
439 3219 597 3286 volutare'
611 3247 736 3304 secum,
771 3248 906 3308 quonam
941 3228 1032 3288 modo
1050 3207 1252 3299 ¹Germanici

167 3358 170 3370 ·
194 3331 309 3394 liberos
330 3343 534 3415 perverteret,
564 3355 698 3418 (prorum
721 3342 783 3394 non
815 3333 910 3394 dubie
931 3333 1088 3396 successio.
1130 3336 1238 3417 Neque

195 3441 298 3520 spargi
318 3463 470 3504 venenum
493 3443 523 3502 in
544 3453 605 3504 tres
624 3453 764 3524 poterat,
789 3444 908 3525 egregia
934 3441 1098 3501 'custodum
1125 3443 1185 3504 fide
1206 3455 1237 3503 et

194 3549 341 3631 pudicitia
375 3539 563 3635 Agrippinae
601 3551 835 3634 impenetrabili.
884 3549 983 3634 Igitur
1015 3555 1236 3614 contumaciam
1253 3556 1291 3618 30

271 3773 541 3849 15.nedivulgatc]
572 3793 606 3828 ne
631 3793 681 3828 om.
705 3775 740 3825 Μ.
771 3772 939 3826 prohibendi
968 3773 1189 3827 coniunctionem
1219 3790 1234 3824 a

198 3869 307 3924 Murato
325 3871 444 3943 aliisque
464 3874 600 3926 adiectam
620 3873 720 3926 rectius
741 3871 853 3927 fortasse
873 3887 1005 3946 ponemus
1022 3879 1086 3948 ente
1106 3873 1189 3926 veris.
1283 3882 1287 3890 ‘
