2900 4706
251 267 311 332 402
647 255 857 318 ANNALIUM

38 447 39 454 ³
102 451 126 518 (a
146 446 475 523 Carpimpunitatem,
499 453 530 500 nt
552 463 642 522 quem
664 440 792 520 dignitas
816 425 869 500 sua
899 437 1061 512 defendat,
1094 459 1161 498 cum
1185 457 1278 520 prae-

249 550 362 607 fectura
385 547 471 607 orbis
507 569 566 606 non
591 547 748 626 profuerit.
801 546 900 622 Quem
939 565 1085 604 numerus
1117 565 1277 604 servorum

248 658 401 732 tuebitur,
437 677 505 714 cum
535 655 713 736 Pedanium¹
745 653 917 716 Secundum
963 653 1174 754 quadringenti
1212 673 1274 711 non

247 768 451 844 protexerint?
474 764 529 822 Cui
554 763 665 822 familia
697 783 786 841 opem
817 761 914 834 seret,
954 782 1031 843 quae
1054 781 1092 820 ne
1123 759 1153 818 in
1192 769 1274 818 metu

246 869 367 948 quidem
395 874 527 952 pericula
550 882 652 932 nostra
673 871 822 930 advertit?
865 871 925 940 An,
955 881 988 929 nt
1009 870 1133 952 quidam
1146 871 1267 950 ‹fingere
1287 859 1320 934 5'

246 999 305 1036 non
328 979 524 1053 erubeseunt,
548 981 670 1038 iniurias
692 1000 760 1039 suas
783 977 864 1040 ultus
898 991 943 1040 est
974 979 1175 1053 interfector,
1203 979 1277 1059 quia·

245 1084 284 1144 de
306 1095 431 1165 paterna
460 1088 588 1164 pecunia
613 1094 824 1166 transegerat,
858 1096 910 1146 aut
938 1089 1055 1146 avitum
1087 1087 1274 1166 mancipium

244 1177 480 1255 detrahebatur?
517 1195 752 1256 Pronuntiemus
778 1194 861 1254 ultro
881 1193 1038 1254 dominum
1067 1194 1133 1254 iure
1151 1213 1272 1253 caesum

244 1297 354 1358 videri.
396 1301 487 1364 Libet
506 1315 682 1387 argumenta
696 1301 873 1383 conquirere
893 1303 923 1359 in
943 1320 980 1360 eo
991 1344 1000 1374 ,
1021 1300 1104 1380 quod
1127 1297 1333 1384 sapienti-dl,

242 1404 346 1466 oribus
367 1404 565 1466 deliberatum
585 1414 654 1468 est?
674 1406 732 1467 Sed
756 1416 786 1466 et
805 1405 830 1468 si
851 1425 934 1465 nunc
970 1405 1105 1486 primunr
1134 1413 1271 1508 statuen-
1294 1425 1335 1466 ro
1405 1493 1407 1500 Ι

244 1511 317 1573 dum
346 1511 543 1592 haberemus,
584 1514 745 1574 creditisne
773 1533 894 1574 servum
922 1511 1120 1573 interficiendi
1153 1511 1273 1572 domini

241 1624 373 1681 animum
397 1625 602 1703 insumpsisse,
626 1631 662 1682 ut
683 1642 744 1680 non
770 1643 828 1683 vox
858 1623 957 1680 minax
991 1609 1162 1692 excideret,
1194 1617 1272 1680 nibil

191 1705 194 1712 Δ
242 1751 294 1809 per
313 1730 513 1790 temeritatem
536 1728 789 1812 proloqueretur?
819 1727 898 1788 Sane
920 1727 1081 1787 consilium
1112 1725 1270 1816 occuluit,

164 1819 172 1834 ⁷
240 1837 333 1895 telum
354 1838 432 1895 inter
451 1839 570 1919 ignaros
589 1839 727 1918 pararit:
750 1857 824 1896 num
844 1835 984 1896 excubias
1006 1836 1161 1907 transiret,
1186 1835 1270 1898 cubi·

241 1942 300 2002 culi
321 1943 397 2007 fores
420 1943 604 2016 recluderet,
629 1945 736 2030 lumen,
752 1945 888 2014 inferret,
911 1943 1031 2004 eaedem
1047 1953 1182 2024 patraret
1202 1963 1266 2004 om·
1293 1939 1334 2001 15

241 2051 328 2110 uibus
354 2051 476 2112 nesciis?
516 2051 612 2112 Multa
647 2054 767 2114 sceleris
794 2053 906 2112 indicia
937 2054 1156 2132 praeveniunt:
1186 2052 1269 2112 servi

185 2177 188 2181 '
240 2160 262 2218 si
293 2159 445 2238 prodant,
472 2141 628 2238 possirmus
645 2159 753 2240 singuli
777 2163 860 2220 iuter
881 2160 1006 2241 plures,
1031 2159 1087 2220 tuti
1110 2159 1190 2218 inter
1213 2181 1270 2220 an·

239 2268 320 2338 rios,
344 2275 505 2343 postremo,
528 2265 551 2324 si
574 2267 765 2345 pereundum
787 2267 843 2338 sit,
864 2287 925 2325 non
951 2265 1039 2326 inulti
1060 2267 1140 2326 inter
1159 2287 1269 2328 noceo·

238 2383 283 2431 tes
304 2369 407 2453 agere!
441 2371 582 2453 Suspecta
603 2372 767 2434 maioribus
790 2373 1001 2434 nest1·isl'uere
1023 2377 1140 2457 ingenia
1159 2395 1267 2436 serso·

144 2484 148 2496 “
239 2483 324 2549 ι·υηι’,
348 2482 439 2538 etiam
459 2500 528 2538 cum
548 2481 578 2538 in
600 2481 678 2558 agris
697 2489 751 2540 aut
787 2479 924 2540 domibus
946 2481 1040 2542 isdem
1068 2493 1268 2543 nascerentur
1284 2511 1323 2552 20

237 2589 449 2665 caritatemque
479 2583 668 2644 dominorum
699 2587 799 2646 statim
815 2585 993 2667 acciperent.
1036 2567 1203 2669 Postquam
1219 2608 1266 2647 ve·
1429 2619 1430 2687 q

238 2715 272 2753 ro
293 2697 428 2755 nationes
448 2697 477 2754 in
500 2694 619 2754 santiliis
640 2693 808 2772 babemus,
831 2695 940 2776 quibus
962 2693 1075 2754 diversi
1090 2695 1192 2770 ritus,
1215 2715 1265 2754 ex·
1428 2725 1429 2773 q

238 2811 326 2861 terna
347 2823 432 2860 sacra
454 2811 505 2860 aut
525 2801 607 2862 nulla
628 2813 711 2878 sunt,
734 2801 896 2862 colluviem
918 2803 1005 2861 istam
1027 2821 1087 2860 non
1108 2800 1165 2862 nisi
1181 2815 1265 2864 metu
1427 2829 1428 2859 l

236 2909 414 2968 coercueris.
455 2910 494 2968 At
511 2908 633 2989 quidam
658 2911 793 2970 insontes
813 2908 964 2989 peribunt.
1008 2909 1086 2968 Nam
1106 2919 1137 2972 et
1159 2931 1194 2970 er
1213 2912 1263 2971 fu.

237 3035 270 3073 so
291 3015 422 3072 exercitu
465 3032 534 3072 cum
571 3011 704 3071 decimus
744 3015 870 3094 quisque
902 3011 975 3072 fusti
1004 3012 1136 3090 feritur,
1169 3017 1259 3075 etiam
1278 3020 1318 3082 25

236 3123 351 3182 strenui
371 3122 550 3181 sortiuntur.
575 3120 673 3180 Habet
690 3119 805 3201 aliquid
825 3141 859 3180 es
883 3123 987 3202 iniquo
1008 3142 1099 3182 omne
1118 3142 1260 3202 magnum

235 3227 421 3308 exemplum,
444 3226 526 3306 quod
541 3209 648 3287 eontra
668 3227 800 3308 singulos
821 3228 950 3288 utilitate
975 3228 1095 3310 publica
1117 3231 1260 3310 rependi·

139 3347 141 3354 “
236 3337 314 3396 tur.'’
339 3333 511 3395 Sententiae
529 3333 620 3394 Cassii
643 3346 677 3394 ut
696 3356 784 3394 nemo
808 3357 885 3396 unus
907 3338 1076 3398 contraire
1099 3331 1318 3414 uusrrsest‚45
1419 3319 1422 3468 ί

237 3447 275 3504 ita
310 3445 445 3504 dissonae
475 3463 563 3502 voces
594 3441 815 3522 respondebant
845 3465 1006 3504 numerum
1050 3453 1104 3506 aut
1131 3452 1262 3528 aetatem

398 3539 407 3558 t

235 3601 453 3614 -ι--υ--ι--η-

326 3706 344 3737 r.
366 3690 412 3741 erar*
430 3690 583 3758 praejectus
601 3717 635 3727 -
654 3689 759 3757 proficit
779 3689 837 3755 tm,
855 3691 960 3754 vulgata
980 3707 994 3740 a
1014 3691 1160 3743 Puteolano
1180 3701 1228 3745 cst.
1294 3718 1297 3726 ·

257 3849 260 3854 Ι
307 3783 334 3831 13
351 3785 442 3834 meent
458 3785 499 3833 uir
522 3783 570 3836 M2.
595 3783 717 3856 lacunam
738 3797 789 3836 rec.
810 3799 880 3839 man.
897 3784 1001 3849 syllaba
1022 3798 1051 3836 ta
1069 3787 1195 3856 explevit.

306 3890 347 3931 ao,
366 3875 435 3928 idem
455 3877 496 3926 M*
516 3875 559 3928 bic
578 3883 605 3926 ct
622 3877 706 3944 autb.
726 3877 789 3928 Mox
809 3879 850 3932 2⁵.
868 3878 977 3931 veritur
994 3878 1042 3930 Ma,
