2862 4726
352 315 354 326 '
429 295 505 408 me.
527 347 582 408 xv.
627 348 872 424 cluse-ao.
1119 354 1178 418 tur

138 527 304 590 Caesarum
331 525 493 610 leguntur:
514 527 565 590 sed
587 532 650 612 ipsc
679 529 767 592 divus
788 531 904 610 lulius,
924 532 987 612 ipse
1004 529 1094 593 divus
1120 533 1224 608 Αυ-(ι
1239 533 1334 607 cas.)

138 645 242 719 gustus
264 645 293 696 et
315 633 414 696 tulere
443 638 500 696 ista
542 639 579 696 et
601 635 775 718 reliquere,
810 637 895 698 baud
923 635 1010 698 sacile
1037 639 1183 718 drxerim,
1222 622 1224 625 ¹

140 743 346 804 moderatione
370 746 465 826 magis
480 766 519 804 en
543 735 704 826 sapientia.
727 789 735 804 c
760 745 901 828 Namque
943 756 1043 826 spreta
1065 748 1184 828 ¹exole-

89 845 253 924 35scnnt:
279 855 304 912 si
330 853 461 914 irascare
480 857 582 934 agnita
599 853 755 916 videntur.
800 856 871 916 Non
893 856 1009 937 attingo
1023 857 1182 937 Graecos,

105 953 275 1042 5quorum
297 981 359 1020 non
382 959 473 1020 modo
497 959 624 1024 libertas
647 964 740 1024 etiarn
758 962 853 1024 libido
875 961 1040 1044 impunits;
1076 973 1131 1026 aut
1160 965 1186 1028 si

139 1069 207 1151 quis
230 1069 381 1146 advertit,
404 1069 493 1132 dictis
514 1071 595 1131 dicta
621 1069 703 1132 ultus
722 1081 778 1134 est.
820 1069 880 1132 Sed
901 1068 1031 1130 maxime
1051 1069 1186 1134 solutum

142 1186 173 1237 ct
192 1177 259 1238 sine·
274 1175 482 1238 obtrectatore
498 1171 562 1238 ‘fuir
580 1179 714 1260 prodere
731 1179 775 1240 -de
803 1178 865 1256 iis,
895 1199 973 1260 quos
998 1200 1081 1241 mors
1114 1179 1186 1242 odio

143 1295 196 1346 ant
220 1287 334 1366 gratiae
355 1270 519 1351 exemisset.
551 1285 633 1346 Num
654 1309 724 1348 cum
747 1285 870 1346 armatis
892 1283 995 1346 Cassio
1030 1295 1060 1346 et
1091 1287 1185 1349 Bruto

144 1414 182 1452 ac
203 1391 409 1480 Philippenses
431 1413 554 1473 campos
588 1393 796 1452 obtinentibus
816 1390 888 1453 belli
908 1392 1006 1452 civilis
1021 1413 1111 1454 causa
1133 1416 1188 1476 pe·

90 1516 125 1556 xo
144 1497 251 1580 pulum
271 1521 326 1581 per
346 1503 507 1564 conciones
530 1499 679 1562 incendo?
707 1521 745 1559 an
771 1497 816 1558 illi
847 1499 972 1580 quidem
1005 1500 1190 1580 septuagesi-

144 1629 229 1667 mum
251 1617 322 1668 ante
343 1629 458 1668 annum
474 1606 633 1688 peremptI,
657 1629 719 1689 quo
743 1605 833 1666 modo
846 1606 1028 1688 imaginibus
1051 1607 1111 1666 suis
1134 1627 1190 1666 no·

144 1727 286 1793 suuntur,
306 1737 383 1796 quas
407 1735 446 1774 ne
468 1717 564 1774 vietor
583 1713 707 1796 quidem
728 1713 887 1788 abolevit,
920 1714 963 1774 sic
984 1723 1102 1795 partem
1127 1733 1191 1774 me-

146 1821 263 1881 moriae
286 1821 367 1904 apud
384 1825 548 1903 scriptores
571 1823 733 1882 retinent?
754 1823 851 1882 Suum
874 1823 983 1903 cuique
1010 1820 1102 1881 decus
1134 1842 1189 1903 po-

152 1930 273 1990 steritas
293 1924 454 2011 rependit3
475 1950 532 1989 nec
553 1927 705 2000 deerunt,
744 1931 768 1990 si
791 1927 950 1990 damnatio*
978 1928 1117 2012 ingruit,
1139 1931 1192 2010 qui
1237 1959 1243 1982 x

87 2042 129 2105 15
152 2057 213 2096 non
251 2036 342 2096 modo
377 2037 471 2098 Cassii
509 2047 539 2096 et
565 2038 651 2096 Bruti
684 2035 736 2096 sed
768 2037 859 2096 ctiam
888 2037 947 2096 mci
972 2034 1195 2098 meminerint.”

152 2147 299 2227 Egressus
331 2125 400 2206 dein
429 2155 537 2221 senatu
567 2145 663 2204 vitam
698 2143 880 2222 abstinentia
921 2143 1029 2204 linivit.
1056 2158 1059 2162 ’
1085 2143 1196 2206 Libros

152 2275 208 2335 per
227 2253 339 2314 aediles
359 2251 540 2317 cremandos
562 2273 708 2316 censuere
730 2262 845 2332 patres:
869 2250 921 2312 sed
934 2263 1122 2330 manserunt,
1145 2273 1197 2314 oc·

153 2359 263 2421 cultati
286 2371 315 2421 et
337 2361 422 2422 editi.
443 2433 445 2436 Ι
468 2361 537 2437 Quo
561 2361 655 2441 magis
677 2359 847 2420 socordiam
870 2379 978 2421 eorum
1006 2335 1133 2422 irridcrb
1162 2359 1204 2422 lia

89 2538 91 2553 Ι
153 2468 232 2540 bet,
255 2469 308 2551 qui
330 2468 478 2550 praesenti
498 2468 637 2549 potentia
663 2467 801 2528 credunt
820 2469 968 2548 exstingui
990 2490 1077 2550 posse
1104 2445 1196 2532 etiam

90 2599 133 2642 ao
154 2578 310 2657 sequentis
334 2578 401 2641 aevi
431 2577 622 2640 memorium.
674 2565 755 2634 Nam
782 2585 892 2635 contra
923 2576 1039 2657 punitis
1065 2577 1195 2659 ingeniis

155 2684 459 2768 gliscit'auctoritas,
482 2705 583 2766 neque
605 2682 688 2744 aliud
710 2681 827 2743 externi
852 2703 963 2764 reges,
987 2692 1039 2742 aut
1074 2686 1127 2766 qui
1147 2705 1199 2746 ee·

157 2795 229 2869 dem
251 2783 377 2856 saevitis
397 2795 445 2858 usi
467 2804 557 2872 sunt,
580 2793 638 2858 uisi
661 2791 793 2856 dedecus
818 2791 878 2856 sibi
895 2802 993 2876 utque
1019 2789 1080 2854 illis
1107 2789 1200 2874 glori·

157 2924 209 2966 em
232 2923 391 2985 peperere.
605 2977 606 2980 Ἴ
933 2896 936 2905 ’

93 3013 155 3090 36
242 3013 385 3072 Ceterum
417 3010 606 3094 postulandis
630 3013 707 3074 reis
723 3023 788 3072 tam
808 2989 972 3072 continuus
1003 3030 1101 3072 annus
1131 3005 1200 3092 luit,

91 3119 135 3178 αὖ
159 3129 195 3178 ut
215 3119 360 3180 feriarum
382 3119 559 3181 Latinarum
579 3119 685 3180 dicbus
720 3120 904 3201 praefectum
932 3119 1020 3179 urbis
1043 3121 1200 3196 Drusum,
1255 3103 1278 3200 'J

159 3225 335 3307 auspicandi
360 3229 458 3310 gratia
492 3225 628 3288 tribunal
660 3228 850 3308 ingressum,
879 3227 990 3291 adierit
1016 3225 1202 3306 Calpurnius

159 3332 323 3394 Salvianus
345 3335 375 3394 in
398 3335 524 3396 Sextum
547 3335 693 3396 Marium.
736 3335 864 3414 Quods
887 3337 1014 3396 Caesare
1035 3333 1135 3415 pelam
1154 3334 1209 3392 in·

162 3435 314 3522 crepitum
336 3465 426 3505 ceusa
457 3443 552 3504 exsilii
573 3431 806 3505 Salviano‘luit.
850 3445 978 3506 Obiecta
1002 3443 1124 3524 publice
1145 3441 1206 3526 Cy-

144 3547 276 3614 ‘zicenis
297 3553 415 3612 incuria
437 3552 689 3612 caerimoniarum
713 3549 778 3612 divi
799 3549 942 3635 Augusti,
963 3549 1074 3642 additis
1096 3549 1207 3614 violen·
1263 3541 1266 3548 ¹

175 3715 363 3727 m

231 3823 279 3876 ,rm
300 3823 350 3860 nec
367 3808 412 3860 M:
435 3823 468 3858 ne
485 3808 506 3858 1.
527 3805 570 3860 Fr.
590 3805 750 3858 Gronovius.
770 3803 835 3856 Mox
853 3801 978 3858 adolevit
998 3811 1026 3857 et
1042 3807 1086 3875 tl.
1109 3823 1208 3878 repen·

165 3889 308 3959 dunt'nec
325 3898 425 3954 derunt
445 3901 492 3965 M;
511 3903 629 3954 correxit
648 3899 806 3954 Beroaldus.
915 3942 920 3972 ,

241 3996 278 4054 ιδ.
301 3984 359 4070 sed]
380 4009 405 4048 et
424 3995 461 4049 Μ.
481 3993 692 4069 ωοιξεοοονάὶα
715 3995 762 4061 Μς
783 3995 901 4047 correxit
913 3993 1072 4046 Beroaldus.
1139 3979 1142 3986 ’
