2862 4726
234 288 294 352 270
405 255 408 262 ’
642 281 885 344 ΑΝΝΑΗΠΜ
1012 378 1016 385 p

124 437 128 445 f
646 429 651 439 s
1309 407 1315 434 l

83 484 108 554 (a
124 484 144 536 c
163 480 261 554 37‚)et
285 467 454 530 miseranda
476 467 528 528 diu
550 468 662 542 ferret,
687 469 764 530 urbe
789 470 941 532 tamenin
965 466 1069 530 decem
1083 487 1178 528 annos
1198 489 1271 550 pro·

229 575 326 636 hibita
347 587 402 656 est,
426 575 523 634 donee
542 575 643 634 minor
667 572 746 634 filius
766 573 918 634 lubricum
940 576 1082 636 iuventae
1101 578 1206 643 exiret.
1312 583 1314 588 '
1410 613 1411 620 κ

308 687 371 745 lam
395 683 558 744 Tiberium
581 703 709 764 corpus,
730 661 791 741 iani
813 685 916 760 vires,
938 682 1075 744 nondum
1098 684 1322 770 dissimula-250

224 797 268 854 tio
286 791 452 855 deserebat.
496 769 581 850 Ideni
605 790 698 850 animi
715 791 820 872 rigor:
843 783 983 852 sermone
1003 813 1040 852 ac
1064 794 1152 854 vultu
1172 794 1268 854 inten-
1410 869 1411 880 ἵ

149 933 152 936 ’
224 915 294 976 tus,
319 900 454 983 quaesita
475 899 628 972 interdum
651 901 795 960 comitate
815 903 956 982 quamvis
987 898 1178 962 manifestam
1209 891 1303 962 dal
1391 907 1411 982 ]

224 1011 391 1071 sectionem
407 1007 765 1091 tegebattunutatisque
792 1010 912 1090 saepius
937 1006 1011 1074 locis
1031 1009 1155 1070 landem
1186 1009 1269 1091 apud

223 1115 471 1200 promontorium
492 1116 605 1177 Miseni
628 1113 786 1190 consedit,
808 1113 841 1174 in
874 1115 964 1192 villu,
989 1119 1037 1177 cui
1066 1117 1180 1177 Lucius
1203 1119 1268 1176 Lu*
1373 1117 1377 1130 ”

131 1297 135 1307 1
224 1225 321 1284 nullus
347 1223 504 1306 quondam
535 1223 691 1283 dominus.
743 1222 809 1283 lllic
845 1243 914 1282 eum
945 1225 1192 1306 appropinquare
1217 1245 1269 1284 su-

158 1383 161 1388 .
222 1331 337 1415 premis
358 1329 413 1392 tali
435 1329 527 1390 modo
547 1339 749 1412 compertum.
792 1331 868 1406 Erat
888 1332 1110 1392 medicusarte
1130 1325 1266 1414 insignis,

223 1444 346 1502 nomine
368 1439 534 1516 Charicles,
556 1459 624 1499 non
640 1439 764 1521 quidem
794 1459 898 1521 regere
932 1429 1116 1501 valitudines
1146 1444 1263 1523 princi·
1288 1455 1320 1495 ro
1408 1523 1409 1526 Ἴ

222 1549 270 1632 pis
290 1547 410 1627 solitus,
432 1545 550 1608 consilii
562 1556 666 1606 tamen
681 1546 801 1628 copiam
815 1545 974 1626 praebere.
1002 1531 1031 1608 ls
1047 1545 1132 1608 velut
1143 1551 1267 1630 propria

123 1653 129 1660 ’
223 1655 261 1715 ad
283 1659 407 1742 negotia
428 1657 601 1740 digrediens
623 1665 655 1717 et
677 1677 734 1738 per
753 1658 882 1738 speciem
903 1655 1016 1736 officii,
1035 1677 1160 1718 manum
1183 1679 1267 1719 com-

222 1745 327 1846 plexui
348 1765 471 1847 pulsum
494 1765 642 1828 venarum
665 1767 775 1846 attigit.
818 1766 925 1850 Neque
946 1763 1071 1828 selellit:
1105 1785 1176 1826 nem
1205 1745 1267 1826 Ti·

224 1869 344 1944 berius,
368 1874 522 1932 incertum
546 1891 585 1931 an
612 1870 746 1932 offensus
777 1882 926 1954 tantoque
958 1874 1053 1954 magis
1083 1875 1162 1934 iram
1194 1895 1266 1956 pre·

222 1999 325 2056 meus,
349 1979 513 2038 instaurari
533 1973 641 2059 epulas
662 1979 760 2058 iubet,
782 1977 1005 2062 discumbitque
1027 1979 1108 2040 ultra
1126 1981 1260 2059 solitum,
1287 1981 1320 2044 15

223 2091 310 2169 quasi
330 2088 443 2162 honori
471 2086 610 2148 abeuntis
641 2089 730 2146 amici
764 2088 922 2154 tribueret.
971 2087 1128 2150 Charicles
1161 2097 1264 2147 tamen

224 2199 285 2258 labi
309 2190 448 2280 spiritum
463 2219 520 2256 nec
544 2195 623 2256 ultra
644 2196 773 2256 biduum
793 2197 977 2261 duraturum
999 2197 1141 2264 Macroni
1160 2195 1264 2254 firma·

223 2283 278 2371 vit.
322 2305 399 2366 Inde
415 2311 525 2364 cuncta
543 2301 701 2384 colloquiis
722 2305 804 2366 inter
831 2317 1023 2387 praesentes,
1045 2281 1159 2366 nuntiis
1184 2303 1264 2384 apud

223 2412 337 2493 legatos
360 2423 390 2472 et
412 2413 563 2478 exercitus.
581 2405 817 2474 sustinebantur.
860 2413 995 2494 Septimo
1016 2413 1135 2474 decimo
1161 2410 1264 2488 calen-

212 2519 332 2603 ¹lendas
355 2517 471 2602 Aprilis
496 2519 658 2581 interclusa
683 2521 784 2580 anima
804 2508 936 2585 creditus
972 2529 1019 2582 est
1047 2519 1263 2582 mortalitatem
1282 2545 1317 2586 20

224 2617 400 2710 explevisse.
423 2624 465 2688 Et
482 2608 581 2688 multo
601 2612 786 2711 grata'ntium
807 2651 959 2692 concursu
982 2629 1021 2690 ad
1036 2615 1189 2711 ¹rapienda
1206 2631 1263 2689 im-

222 2737 300 2820 perii
324 2728 492 2820 primordia
514 2739 607 2798 Gaius
630 2739 741 2798 Caesar
768 2737 1001 2820 egrediebatur,
1035 2758 1106 2798 eum
1139 2749 1264 2819 repente

223 2845 352 2912 affertur
371 2845 472 2912 ‚redire
492 2843 621 2906 Tiberio
640 2867 748 2920 uocem
770 2865 805 2906 ac
830 2851 928 2919 visus,
951 2849 1116 2930 vocarique
1136 2846 1189 2928 qni
1218 2863 1277 2905 re·'

183 2933 187 2955 ¹
224 2953 373 3013 creandae
395 2952 555 3013 defectioni
582 2952 684 3014 cibum
717 2951 872 3019 afferrent.
914 2953 1018 3014 Pavor
1046 2954 1117 3014 hinc
1140 2955 1174 3014 in
1198 2967 1266 3012 omi

212 3053 301 3134 ¹nes3
323 3069 353 3118 et
371 3061 465 3118 ceteri
482 3041 594 3140 passim
606 3101 607 3104 η
621 3061 775 3144 dispergi,
804 3083 839 3122 se
867 3061 996 3144 quisque
1030 3071 1179 3121 maestum
1198 3037 1261 3122 'aut
1278 3057 1315 3122 25

224 3168 360 3229 nescium
380 3165 514 3247 -fing'ere3
537 3165 645 3228 Caesar
660 3214 678 3257 ,λ
692 3172 722 3228 in
740 3169 898 3229 silentium
922 3169 997 3230 fixus
1019 3192 1037 3230 a
1065 3150 1194 3230 smnmn¹
1211 3191 1262 3252 spe

147 3303 158 3370 j
223 3276 389 3339 novissima
414 3279 619 3360 exspectabat.
674 3281 780 3340 Macro
804 3281 989 3361 intrepidus
1000 3281 1129 3361 opprimi
1159 3265 1260 3340 acuon

222 3387 338 3447 iniectu
367 3387 482 3447 inultae
510 3389 603 3447 vestis
631 3386 735 3461 iubet,
780 3387 954 3471 discedique
990 3389 1029 3450 ab
1055 3386 1169 3448 limine.
1203 3389 1262 3448 -sic

225 3495 370 3575 Tiberius
394 3493 511 3570 finivit,
534 3505 643 3556 octavo
665 3475 695 3557 et
716 3501 935 3580 septuagesimo
955 3497 1061 3558 aetatis
1082 3519 1172 3559 annu.
1208 3498 1250 3558 Pa
1264 3495 1308 3577 51

224 3611 271 3661 ter
292 3601 320 3661 ei
342 3603 426 3662 Nero
447 3612 479 3662 et
499 3603 643 3685 utrinque
665 3604 749 3686 origo
766 3607 867 3685 gentis
890 3595 1055 3682 Claudiae,
1087 3627 1260 3688 quanquam
1281 3607 1317 3676 ὄὸ
1410 3607 1411 3668 l

227 3720 324 3770 mater
359 3712 391 3770 in
419 3709 538 3772 Liviam
582 3721 612 3772 et
636 3733 705 3772 mox
735 3711 845 3772 Iuliam
868 3713 1022 3776 'familiam
1050 3714 1261 3796 adoptionibus

227 3821 396 3878 transierit.
438 3819 531 3880 Casus
552 3821 649 3900 prima
670 3820 712 3882 ab
739 3821 868 3882 infantia
891 3827 1056 3906 ancipites:
1088 3847 1159 3884 nam
1188 3845 1261 3904 pro-

121 3946 123 3951 ·
228 3927 376 4008 scriptum
399 3935 516 4008 patrem
541 3927 623 3991 exsul
651 3941 792 4010 secutus,
825 3931 878 3992 ubi
897 3932 1022 3996 domum
1044 3935 1172 4018 Augusti
1201 3931 1261 4014 pri·
