2826 4730
435 297 511 364 ΗΒ.
534 297 589 364 lll.
629 299 722 368 ,CAR
739 299 870 367 21-94·
976 296 984 304 ¹
1126 302 1182 370 141

149 484 248 554 ciens,
275 453 636 565 ipsumquePompcirim,
659 487 744 546 cuius
757 507 793 546 ea
809 488 991 546 monimenta
1013 495 1042 546 et
1061 484 1222 556 adstas-(a
1234 485 1263 540 C·
1279 485 1335 556 ²0·)
1402 527 1404 544 ι

152 602 194 650 tes
216 591 361 672 imagines
390 592 587 671 visebantur,
616 596 736 656 ta'ntum
766 597 991 658 misericordiae
1020 601 1188 678 permovit,

150 712 182 774 ut
203 700 290 762 effusi
321 704 351 760 in
379 701 518 764 lacrimas
543 726 631 764 saeva
657 718 686 764 et
710 707 885 768 detestanda
908 708 1057 785 Quirinio
1084 706 1188 766 clami·

147 819 268 886 tarent,
291 789 378 872 cuius
402 823 541 874 senectae
567 824 660 896 atque
681 816 804 876 orbitati
823 826 854 876 et
874 815 1104 876 obscurissimae
1133 815 1191 876 dn·

102 910 130 980 ‘S
152 915 216 972 mui
237 915 563 999 destinataquondam
586 943 662 982 uxor
685 924 791 982 'Lucio
820 923 940 984 Caesari
970 943 1006 982 ac
1027 923 1099 984 divo
1123 924 1189 984 Au-

148 1033 235 1104 gusto
258 1046 351 1083 nurus
376 1024 552 1086 dederetur.
577 1029 656 1088 Dein
679 1029 841 1090 tormentis
860 1051 1017 1090 servorum
1039 1029 1189 1110 patefacta

111 1130 112 1138 ’
146 1145 218 1192 sunt
240 1133 361 1213 flagitia,
384 1135 520 1216 itumque
541 1135 571 1194 in
593 1140 774 1198 sententiam
797 1136 927 1198 Rubellii
948 1135 1068 1214 Blandi,
1091 1159 1109 1196 a
1126 1158 1189 1219 quo

147 1256 227 1322 aqua
249 1251 342 1323 atque
364 1242 427 1326 igni
449 1243 625 1304 arcebatur.
672 1244 751 1305 Huic
772 1245 893 1306 Drusus
920 1246 1066 1318 assensit,
1087 1267 1188 1326 quan·

147 1370 240 1432 quarn
259 1349 313 1410 alii
337 1353 439 1412 mitius
459 1354 655 1414 censuissent.
698 1355 769 1412 Mox
797 1354 927 1428 Scauro,
951 1353 1003 1433 qui
1039 1349 1131 1411 filiam
1152 1373 1188 1412 ex

93 1475 177 1516 toea
200 1468 365 1538 genuerat,
390 1460 493 1520 datum
517 1484 555 1522 ne
575 1461 654 1520 bona
676 1433 915 1542 publicarentur.
960 1459 1040 1518 Tum
1063 1459 1188 1522 demum
1260 1531 1268 1556 ,

147 1567 270 1644 aperuit
291 1567 435 1626 Tiberius
457 1561 649 1649 compertum
671 1568 726 1628 sibi
754 1561 851 1628 etiam
865 1588 900 1628 ex
926 1565 1030 1626 Publii
1052 1568 1187 1645 Quirinii

146 1671 244 1731 servis
265 1693 382 1734 veneno
403 1693 473 1734 eum
493 1697 511 1734 a
532 1676 645 1756 Lepida
667 1677 804 1758 petitum.

86 1773 143 1856 24
231 1775 398 1838 lllustrinm
439 1778 585 1845 domuum
628 1782 752 1842 adversa
788 1779 910 1863 (etenim
937 1778 1020 1840 haud
1055 1779 1186 1844 multum

144 1884 273 1947 distanti
292 1895 431 1967 tempore
453 1887 608 1968 Calpurnii
628 1889 782 1958 Pisonem,
806 1887 928 1948 Aemilii
938 1887 1088 1969 Lepidam
1108 1891 1186 1948 ami·

91 1986 125 2046 ¹5
142 1995 263 2076 serant)
288 1993 397 2054 solatio
419 1993 519 2056 affecit
539 1997 679 2056 Decimus
694 1996 815 2060 Silanus
836 1997 941 2058 Iuniae
959 1996 1090 2059 familiae
1113 1995 1186 2056 red·
1207 1999 1214 2013 “

142 2103 235 2166 ditus.
281 2105 388 2169 Casum
409 2101 472 2164 eius
494 2105 596 2186 paucis
622 2118 768 2187 repetam.
817 2105 857 2166 Ut
889 2102 990 2165 valida
1020 2103 1091 2164 divo
1116 2104 1184 2164 Au·

143 2223 232 2294 gusto
254 2193 284 2272 in
307 2189 549 2294 rempublicam
570 2214 713 2287 fortuna,
743 2215 784 2274 ita
805 2213 886 2274 domi
914 2217 1100 2294 improspera
1126 2212 1185 2274 firit

142 2322 185 2382 ob
197 2323 413 2403 impudicitiam
432 2320 509 2380 filiae
523 2341 557 2380 ac
574 2321 684 2402 neptis,
709 2343 782 2402 quas
794 2321 870 2382 urbe
883 2319 998 2402 depulit
1011 2319 1183 2380 adulteros·

141 2452 204 2513 que
223 2417 328 2492 earum
351 2441 447 2492 morte
468 2443 520 2490 aut
541 2430 609 2512 fuga
628 2430 760 2510 punivit.
804 2415 879 2488 Nam
901 2427 1019 2509 culpam
1042 2429 1123 2489 inter
1135 2429 1182 2488 vi-

86 2551 126 2594 ²⁰
145 2561 200 2600 ros
213 2551 255 2600 'ac
275 2541 402 2600 feminas
427 2537 579 2620 vulgatam
595 2536 680 2618 gravi
694 2533 819 2596 nomine
837 2534 984 2597 laesarum
1001 2533 1183 2617 religionum

111 2719 115 2728 Ἰ
143 2669 180 2708 ac
201 2647 330 2708 violatae
352 2648 516 2707 maiestatis
538 2643 718 2725 appellando
738 2641 928 2702 clementiam
950 2637 1101 2704 maiorum
1129 2665 1182 2704 su·
1264 2695 1269 2714 ,

142 2777 236 2836 esque
255 2758 319 2836 ipse
341 2755 421 2836 leges
442 2751 661 2834 egrediebatur.
693 2749 754 2810 Sed
782 2747 912 2808 aliorum
945 2749 1059 2826 exitus,
1090 2751 1181 2812 simul

141 2874 245 2924 cetera
267 2837 348 2924 illins
369 2864 474 2922 aetatis
493 2859 688 2936 memorabo,
709 2859 735 2920 si
756 2856 868 2918 effectis
897 2859 927 2918 in
956 2877 1034 2938 quae
1066 2856 1207 2919 tetendi

102 3131 109 3146 .
185 3079 205 3118 ⁰
230 3109 254 3143 a.
275 3090 468 3145 misericordia
487 3093 523 3165 M,

214 3201 253 3236 aa·
272 3185 353 3236 simut
374 3198 465 3238 cetera
478 3185 556 3238 iltius
568 3183 679 3256 aetatis]
699 3184 841 3252 Ingeniosa
855 3191 883 3235 et
901 3182 975 3235 hand
994 3181 1047 3235 scio
1069 3200 1105 3236 an
1123 3201 1179 3236 non

141 3267 335 3330 veraWalchii
352 3286 393 3330 est
410 3279 560 3342 sententia,
581 3280 721 3347 proposita
739 3277 772 3328 ad
790 3276 904 3346 Agricol.
920 3293 946 3345 p.
969 3279 1035 3340 132,
1053 3279 1179 3338 Tacitum

143 3373 210 3424 haec
227 3373 385 3442 pollicendo
405 3375 514 3424 nonnisi
538 3372 669 3426 historiae
691 3373 805 3424 Traiani
824 3387 839 3422 a
858 3389 888 3424 se
906 3373 1111 3439 componendae
1130 3389 1178 3426 cx·

146 3467 361 3536 spectationem,
382 3485 461 3542 quarn
477 3468 569 3518 multis
588 3469 665 3518 annis
685 3477 748 3518 ante
765 3468 931 3518 excitaverat
950 3466 979 3514 in
999 3465 1177 3536 Historiarum

131 3565 285 3631 'prooemio
301 3563 342 3632 (1,
361 3572 405 3626 u),
424 3565 571 3632 reprimere
582 3564 710 3614 voluisse:
730 3579 792 3613 nam
810 3565 923 3615 Tacitus
943 3577 985 3612 rcs
1003 3561 1037 3610 ab
1057 3564 1177 3631 Augusto

144 3667 231 3727 gestas
248 3676 303 3712 non
321 3661 408 3711 solnm
429 3676 483 3711 non
504 3660 631 3728 scripsit,
649 3659 697 3710 sed
718 3659 790 3710 idem
810 3658 874 3709 dum
893 3659 940 3739 itp,
954 3657 1078 3708 dicendis
1104 3657 1178 3709 haud

145 3748 265 3802 defuisse
286 3753 382 3804 decora
403 3754 511 3820 ingenia
525 3753 553 3804 in
570 3753 716 3804 Annalium
737 3752 872 3821 principio
894 3752 934 3820 (l,
959 3753 996 3822 r.)
1016 3751 1188 3820 profitetur,

143 3843 278 3896 eiusmodi
299 3847 436 3914 inceptum
456 3865 491 3898 ne
503 3857 595 3916 aptum
611 3847 723 3916 quidem
740 3863 798 3900 esre
813 3849 877 3900 satis
897 3843 1004 3915 liquido
1021 3846 1176 3898 declaravit.

214 3941 253 3991 23.
273 3941 350 3992 tendi
369 3938 411 3991 M:
431 3940 534 3994 tetendi
551 3942 702 4038 Ernestiup.
