<?xml version="1.0" encoding="UTF-8"?>
<!DOCTYPE html PUBLIC "-//W3C//DTD XHTML 1.0 Transitional//EN"
    "http://www.w3.org/TR/xhtml1/DTD/xhtml1-transitional.dtd">
<html xmlns="http://www.w3.org/1999/xhtml" xml:lang="en" lang="en">
 <head>
  <title>
</title>
<meta http-equiv="Content-Type" content="text/html;charset=utf-8" />
  <meta name='ocr-system' content='tesseract 3.04.00' />
  <meta name='ocr-capabilities' content='ocr_page ocr_carea ocr_par ocr_line ocrx_word'/>
</head>
<body>
  <div class='ocr_page' id='page_1' title='image "./ccorneliitaciti00rittgoog_0144.png"; bbox 0 0 2826 4730; ppageno 0'>
   <div class='ocr_carea' id='block_1_1' title="bbox 240 261 904 396">
    <p class='ocr_par' dir='ltr' id='par_1_1' title="bbox 240 261 904 396">
     <span class='ocr_line' id='line_1_1' title="bbox 240 261 904 396; baseline -0.009 -34"><span class='ocrx_word' id='word_1_1' title='bbox 240 297 301 370; x_wconf 71' lang='lat' dir='ltr'><strong>ise</strong></span> <span class='ocrx_word' id='word_1_2' title='bbox 610 323 614 340; x_wconf 82' lang='lat'><strong>·</strong></span> <span class='ocrx_word' id='word_1_3' title='bbox 644 296 855 396; x_wconf 73' lang='lat' dir='ltr'><strong>Aruseium</strong></span> <span class='ocrx_word' id='word_1_4' title='bbox 898 261 904 368; x_wconf 60' lang='grc'><strong>’,</strong></span> 
     </span>
    </p>
   </div>
   <div class='ocr_carea' id='block_1_2' title="bbox 11 479 1358 1857">
    <p class='ocr_par' dir='ltr' id='par_1_2' title="bbox 11 479 1358 1857">
     <span class='ocr_line' id='line_1_2' title="bbox 11 479 1271 567; baseline 0.001 -27"><span class='ocrx_word' id='word_1_5' title='bbox 11 493 12 504; x_wconf 74' lang='grc'>’</span> <span class='ocrx_word' id='word_1_6' title='bbox 88 498 112 562; x_wconf 64' lang='lat' dir='ltr'><strong>(s</strong></span> <span class='ocrx_word' id='word_1_7' title='bbox 126 495 154 550; x_wconf 72' lang='lat' dir='ltr'><strong>c:</strong></span> <span class='ocrx_word' id='word_1_8' title='bbox 172 479 402 567; x_wconf 65' lang='lat' dir='ltr'><strong>20,)robnduum</strong></span> <span class='ocrx_word' id='word_1_9' title='bbox 428 487 456 536; x_wconf 89' lang='lat' dir='ltr'><strong>ct</strong></span> <span class='ocrx_word' id='word_1_10' title='bbox 478 498 526 538; x_wconf 85' lang='lat' dir='ltr'><strong>res</strong></span> <span class='ocrx_word' id='word_1_11' title='bbox 547 479 647 559; x_wconf 88' lang='lat' dir='ltr'><strong>priore</strong></span> <span class='ocrx_word' id='word_1_12' title='bbox 660 491 769 540; x_wconf 84' lang='lat' dir='ltr'><strong>aestate</strong></span> <span class='ocrx_word' id='word_1_13' title='bbox 791 489 891 562; x_wconf 81' lang='lat' dir='ltr'><strong>gestas</strong></span> <span class='ocrx_word' id='word_1_14' title='bbox 917 490 949 538; x_wconf 88' lang='lat' dir='ltr'><strong>ut</strong></span> <span class='ocrx_word' id='word_1_15' title='bbox 965 502 1056 543; x_wconf 86' lang='lat' dir='ltr'><strong>ovans</strong></span> <span class='ocrx_word' id='word_1_16' title='bbox 1079 482 1178 554; x_wconf 86' lang='lat' dir='ltr'><strong>iniret,</strong></span> <span class='ocrx_word' id='word_1_17' title='bbox 1201 501 1271 564; x_wconf 63' lang='lat' dir='ltr'><strong>prov</strong></span> 
     </span>
     <span class='ocr_line' id='line_1_3' title="bbox 233 570 1268 670; baseline 0.002 -24"><span class='ocrx_word' id='word_1_18' title='bbox 233 570 295 647; x_wconf 85' lang='lat' dir='ltr'><strong>laio</strong></span> <span class='ocrx_word' id='word_1_19' title='bbox 317 587 433 646; x_wconf 88' lang='lat' dir='ltr'>honore</span> <span class='ocrx_word' id='word_1_20' title='bbox 452 587 560 646; x_wconf 87' lang='lat' dir='ltr'><strong>urbem</strong></span> <span class='ocrx_word' id='word_1_21' title='bbox 582 589 720 652; x_wconf 84' lang='lat' dir='ltr'><strong>intravit.</strong></span> <span class='ocrx_word' id='word_1_22' title='bbox 765 589 838 648; x_wconf 86' lang='lat' dir='ltr'>Post</span> <span class='ocrx_word' id='word_1_23' title='bbox 868 610 946 670; x_wconf 86' lang='lat' dir='ltr'><strong>qnae</strong></span> <span class='ocrx_word' id='word_1_24' title='bbox 979 612 1030 650; x_wconf 88' lang='lat' dir='ltr'><strong>roo</strong></span> <span class='ocrx_word' id='word_1_25' title='bbox 1053 591 1179 650; x_wconf 86' lang='lat' dir='ltr'><strong>Lucium</strong></span> <span class='ocrx_word' id='word_1_26' title='bbox 1209 591 1268 650; x_wconf 88' lang='lat' dir='ltr'><strong>Ar·</strong></span> 
     </span>
     <span class='ocr_line' id='line_1_4' title="bbox 230 695 1267 772; baseline -0.001 -16"><span class='ocrx_word' id='word_1_27' title='bbox 230 697 388 769; x_wconf 84' lang='lat' dir='ltr'><strong>rontium,</strong></span> <span class='ocrx_word' id='word_1_28' title='bbox 422 697 558 754; x_wconf 81' lang='lat' dir='ltr'><strong>Marcum</strong></span> <span class='ocrx_word' id='word_1_29' title='bbox 596 695 770 772; x_wconf 86' lang='lat' dir='ltr'><strong>Vinicium,</strong></span> <span class='ocrx_word' id='word_1_30' title='bbox 806 698 947 758; x_wconf 83' lang='lat' dir='ltr'>Asinium</span> <span class='ocrx_word' id='word_1_31' title='bbox 978 696 1120 770; x_wconf 78' lang='lat' dir='ltr'><strong>Gallum,</strong></span> <span class='ocrx_word' id='word_1_32' title='bbox 1156 698 1267 756; x_wconf 87' lang='lat' dir='ltr'><strong>Aeser·</strong></span> 
     </span>
     <span class='ocr_line' id='line_1_5' title="bbox 229 801 1265 886; baseline 0.001 -23"><span class='ocrx_word' id='word_1_33' title='bbox 229 804 333 863; x_wconf 89' lang='lat' dir='ltr'><strong>ninum</strong></span> <span class='ocrx_word' id='word_1_34' title='bbox 358 801 556 877; x_wconf 82' lang='lat' dir='ltr'><strong>Marcellum,</strong></span> <span class='ocrx_word' id='word_1_35' title='bbox 581 805 702 875; x_wconf 64' lang='lat' dir='ltr'><strong>Scitum</strong></span> <span class='ocrx_word' id='word_1_36' title='bbox 737 805 924 885; x_wconf 82' lang='lat' dir='ltr'><strong>Pompeium·</strong></span> <span class='ocrx_word' id='word_1_37' title='bbox 953 816 1099 886; x_wconf 83' lang='lat' dir='ltr'><strong>patronos</strong></span> <span class='ocrx_word' id='word_1_38' title='bbox 1132 807 1265 886; x_wconf 72' lang='lat' dir='ltr'><strong>petenti,</strong></span> 
     </span>
     <span class='ocr_line' id='line_1_6' title="bbox 226 907 1301 995; baseline -0.005 -23"><span class='ocrx_word' id='word_1_39' title='bbox 226 910 467 995; x_wconf 30' lang='lat' dir='ltr'><strong>iisquefdiversa</strong></span> <span class='ocrx_word' id='word_1_40' title='bbox 500 913 725 984; x_wconf 69' lang='lat' dir='ltr'><strong>excusantibus,</strong></span> <span class='ocrx_word' id='word_1_41' title='bbox 774 913 898 972; x_wconf 87' lang='lat' dir='ltr'><strong>Marcus</strong></span> <span class='ocrx_word' id='word_1_42' title='bbox 932 913 1064 992; x_wconf 84' lang='lat' dir='ltr'>Lepidus</span> <span class='ocrx_word' id='word_1_43' title='bbox 1101 923 1130 971; x_wconf 91' lang='lat' dir='ltr'><strong>et</strong></span> <span class='ocrx_word' id='word_1_44' title='bbox 1158 910 1266 970; x_wconf 89' lang='lat' dir='ltr'><strong>Lucius</strong></span> <span class='ocrx_word' id='word_1_45' title='bbox 1277 907 1301 968; x_wconf 79' lang='lat'><strong>&#39;5</strong></span> 
     </span>
     <span class='ocr_line' id='line_1_7' title="bbox 227 1007 1318 1102; baseline -0.005 -22"><span class='ocrx_word' id='word_1_46' title='bbox 227 1011 296 1080; x_wconf 81' lang='lat' dir='ltr'><strong>Piso</strong></span> <span class='ocrx_word' id='word_1_47' title='bbox 319 1027 349 1078; x_wconf 89' lang='lat' dir='ltr'><strong>et</strong></span> <span class='ocrx_word' id='word_1_48' title='bbox 370 1018 525 1080; x_wconf 87' lang='lat' dir='ltr'><strong>Livineius</strong></span> <span class='ocrx_word' id='word_1_49' title='bbox 546 1021 678 1102; x_wconf 83' lang='lat' dir='ltr'><strong>Regulus</strong></span> <span class='ocrx_word' id='word_1_50' title='bbox 704 1007 817 1081; x_wconf 83' lang='lat' dir='ltr'><strong>affuere</strong></span> <span class='ocrx_word' id='word_1_51' title='bbox 828 1069 837 1098; x_wconf 91' lang='lat'>‚</span> <span class='ocrx_word' id='word_1_52' title='bbox 872 1031 989 1080; x_wconf 86' lang='lat' dir='ltr'><strong>arrecta</strong></span> <span class='ocrx_word' id='word_1_53' title='bbox 1022 1021 1106 1080; x_wconf 89' lang='lat' dir='ltr'><strong>omni</strong></span> <span class='ocrx_word' id='word_1_54' title='bbox 1129 1021 1267 1092; x_wconf 87' lang='lat' dir='ltr'><strong>civitate,</strong></span> <span class='ocrx_word' id='word_1_55' title='bbox 1316 1063 1318 1070; x_wconf 94' lang='lat'><em>.</em></span> 
     </span>
     <span class='ocr_line' id='line_1_8' title="bbox 224 1126 1267 1212; baseline -0.003 -24"><span class='ocrx_word' id='word_1_56' title='bbox 224 1140 337 1212; x_wconf 82' lang='lat' dir='ltr'><strong>quanta</strong></span> <span class='ocrx_word' id='word_1_57' title='bbox 385 1126 461 1186; x_wconf 85' lang='lat' dir='ltr'><strong>fides</strong></span> <span class='ocrx_word' id='word_1_58' title='bbox 489 1131 591 1188; x_wconf 87' lang='lat' dir='ltr'><strong>amicis</strong></span> <span class='ocrx_word' id='word_1_59' title='bbox 623 1131 814 1202; x_wconf 81' lang='lat' dir='ltr'><strong>Germanici,</strong></span> <span class='ocrx_word' id='word_1_60' title='bbox 846 1151 923 1210; x_wconf 87' lang='lat' dir='ltr'><strong>quae</strong></span> <span class='ocrx_word' id='word_1_61' title='bbox 953 1130 1060 1190; x_wconf 85' lang='lat' dir='ltr'><strong>fiducia</strong></span> <span class='ocrx_word' id='word_1_62' title='bbox 1092 1151 1168 1204; x_wconf 79' lang='lat' dir='ltr'><strong>re03</strong></span> <span class='ocrx_word' id='word_1_63' title='bbox 1192 1127 1267 1188; x_wconf 84' lang='lat' dir='ltr'><strong>satin</strong></span> 
     </span>
     <span class='ocr_line' id='line_1_9' title="bbox 225 1229 1268 1316; baseline -0.003 -21"><span class='ocrx_word' id='word_1_64' title='bbox 225 1229 384 1298; x_wconf 81' lang='lat' dir='ltr'><strong>cohiberet</strong></span> <span class='ocrx_word' id='word_1_65' title='bbox 418 1256 454 1294; x_wconf 85' lang='lat' dir='ltr'><strong>ae</strong></span> <span class='ocrx_word' id='word_1_66' title='bbox 488 1245 640 1316; x_wconf 83' lang='lat' dir='ltr'><strong>¹premeret</strong></span> <span class='ocrx_word' id='word_1_67' title='bbox 666 1257 784 1308; x_wconf 35' lang='lat' dir='ltr'><strong>sensus-</strong></span> <span class='ocrx_word' id='word_1_68' title='bbox 812 1251 883 1298; x_wconf 85' lang='lat' dir='ltr'><strong>suos</strong></span> <span class='ocrx_word' id='word_1_69' title='bbox 914 1239 1066 1300; x_wconf 87' lang='lat' dir='ltr'><strong>Tiberius.</strong></span> <span class='ocrx_word' id='word_1_70' title='bbox 1114 1237 1153 1296; x_wconf 90' lang='lat' dir='ltr'><strong>Iis</strong></span> <span class='ocrx_word' id='word_1_71' title='bbox 1189 1235 1268 1296; x_wconf 85' lang='lat' dir='ltr'><strong>haud</strong></span> 
     </span>
     <span class='ocr_line' id='line_1_10' title="bbox 223 1344 1358 1428; baseline 0.001 -23"><span class='ocrx_word' id='word_1_72' title='bbox 223 1344 297 1406; x_wconf 86' lang='lat' dir='ltr'><strong>alias</strong></span> <span class='ocrx_word' id='word_1_73' title='bbox 314 1347 459 1414; x_wconf 78' lang='lat' dir='ltr'><strong>intentior</strong></span> <span class='ocrx_word' id='word_1_74' title='bbox 481 1345 611 1425; x_wconf 84' lang='lat' dir='ltr'><strong>populus</strong></span> <span class='ocrx_word' id='word_1_75' title='bbox 634 1344 702 1425; x_wconf 90' lang='lat' dir='ltr'><strong>plus</strong></span> <span class='ocrx_word' id='word_1_76' title='bbox 722 1345 779 1404; x_wconf 90' lang='lat' dir='ltr'>sibi</span> <span class='ocrx_word' id='word_1_77' title='bbox 795 1348 825 1404; x_wconf 91' lang='lat' dir='ltr'><strong>in</strong></span> <span class='ocrx_word' id='word_1_78' title='bbox 848 1347 1013 1428; x_wconf 88' lang='lat' dir='ltr'><strong>principem</strong></span> <span class='ocrx_word' id='word_1_79' title='bbox 1028 1347 1165 1409; x_wconf 79' lang='lat' dir='ltr'><strong>occultae</strong></span> <span class='ocrx_word' id='word_1_80' title='bbox 1189 1345 1269 1404; x_wconf 89' lang='lat' dir='ltr'><strong>vocis</strong></span> <span class='ocrx_word' id='word_1_81' title='bbox 1356 1401 1358 1406; x_wconf 92' lang='lat'><em>.</em></span> 
     </span>
     <span class='ocr_line' id='line_1_11' title="bbox 223 1446 1321 1534; baseline -0.004 -21"><span class='ocrx_word' id='word_1_82' title='bbox 223 1465 275 1513; x_wconf 86' lang='lat' dir='ltr'><strong>eut</strong></span> <span class='ocrx_word' id='word_1_83' title='bbox 287 1451 447 1534; x_wconf 84' lang='lat' dir='ltr'><strong>suspicacis</strong></span> <span class='ocrx_word' id='word_1_84' title='bbox 459 1451 570 1512; x_wconf 90' lang='lat' dir='ltr'><strong>silentii</strong></span> <span class='ocrx_word' id='word_1_85' title='bbox 585 1452 732 1531; x_wconf 79' lang='lat' dir='ltr'><strong>permisit.</strong></span> <span class='ocrx_word' id='word_1_86' title='bbox 773 1453 829 1510; x_wconf 91' lang='lat' dir='ltr'><strong>Die</strong></span> <span class='ocrx_word' id='word_1_87' title='bbox 841 1464 962 1512; x_wconf 83' lang='lat' dir='ltr'><strong>senatus</strong></span> <span class='ocrx_word' id='word_1_88' title='bbox 976 1457 1088 1516; x_wconf 88' lang='lat' dir='ltr'><strong>Caesar</strong></span> <span class='ocrx_word' id='word_1_89' title='bbox 1099 1455 1266 1514; x_wconf 88' lang='lat' dir='ltr'><strong>orationem</strong></span> <span class='ocrx_word' id='word_1_90' title='bbox 1275 1446 1321 1526; x_wconf 57' lang='grc'><strong>19</strong></span> 
     </span>
     <span class='ocr_line' id='line_1_12' title="bbox 223 1543 1288 1652; baseline -0.005 -29"><span class='ocrx_word' id='word_1_91' title='bbox 223 1562 330 1624; x_wconf 84' lang='lat' dir='ltr'><strong>habuit</strong></span> <span class='ocrx_word' id='word_1_92' title='bbox 344 1543 487 1622; x_wconf 77' lang='lat' dir='ltr'><strong>meditato</strong></span> <span class='ocrx_word' id='word_1_93' title='bbox 499 1569 749 1652; x_wconf 85' lang='lat' dir='ltr'><strong>temperamento.</strong></span> <span class='ocrx_word' id='word_1_94' title='bbox 771 1560 869 1630; x_wconf 82' lang='lat' dir='ltr'><strong>Patris</strong></span> <span class='ocrx_word' id='word_1_95' title='bbox 884 1566 929 1623; x_wconf 91' lang='lat' dir='ltr'><strong>sni</strong></span> <span class='ocrx_word' id='word_1_96' title='bbox 950 1561 1083 1644; x_wconf 84' lang='lat' dir='ltr'><strong>legatum</strong></span> <span class='ocrx_word' id='word_1_97' title='bbox 1096 1561 1187 1643; x_wconf 82' lang='lat' dir='ltr'><strong>eique</strong></span> <span class='ocrx_word' id='word_1_98' title='bbox 1200 1565 1269 1622; x_wconf 90' lang='lat' dir='ltr'><strong>ami·</strong></span> <span class='ocrx_word' id='word_1_99' title='bbox 1284 1640 1288 1650; x_wconf 38' lang='grc' dir='ltr'><strong><em>Ι</em></strong></span> 
     </span>
     <span class='ocr_line' id='line_1_13' title="bbox 223 1668 1270 1749; baseline -0.005 -17"><span class='ocrx_word' id='word_1_100' title='bbox 223 1693 291 1734; x_wconf 88' lang='lat' dir='ltr'><strong>cum</strong></span> <span class='ocrx_word' id='word_1_101' title='bbox 302 1671 443 1732; x_wconf 86' lang='lat' dir='ltr'><strong>Pisonem</strong></span> <span class='ocrx_word' id='word_1_102' title='bbox 459 1669 558 1744; x_wconf 84' lang='lat' dir='ltr'><strong>fuisse,</strong></span> <span class='ocrx_word' id='word_1_103' title='bbox 574 1668 809 1749; x_wconf 87' lang='lat' dir='ltr'><strong>adiutoremque</strong></span> <span class='ocrx_word' id='word_1_104' title='bbox 820 1672 1002 1731; x_wconf 87' lang='lat' dir='ltr'><strong>Germanico</strong></span> <span class='ocrx_word' id='word_1_105' title='bbox 1015 1672 1121 1732; x_wconf 87' lang='lat' dir='ltr'><strong>datum</strong></span> <span class='ocrx_word' id='word_1_106' title='bbox 1132 1693 1149 1730; x_wconf 89' lang='lat' dir='ltr'><strong>a</strong></span> <span class='ocrx_word' id='word_1_107' title='bbox 1162 1693 1193 1732; x_wconf 87' lang='lat' dir='ltr'><strong>se</strong></span> <span class='ocrx_word' id='word_1_108' title='bbox 1205 1691 1270 1730; x_wconf 79' lang='lat' dir='ltr'><strong>auo.</strong></span> 
     </span>
     <span class='ocr_line' id='line_1_14' title="bbox 221 1777 1268 1857; baseline -0.002 -19"><span class='ocrx_word' id='word_1_109' title='bbox 221 1789 287 1840; x_wconf 90' lang='lat' dir='ltr'><strong>tore</strong></span> <span class='ocrx_word' id='word_1_110' title='bbox 299 1791 406 1840; x_wconf 88' lang='lat' dir='ltr'><strong>senatu</strong></span> <span class='ocrx_word' id='word_1_111' title='bbox 420 1779 509 1840; x_wconf 90' lang='lat' dir='ltr'><strong>rebus</strong></span> <span class='ocrx_word' id='word_1_112' title='bbox 523 1777 783 1857; x_wconf 43' lang='lat' dir='ltr'><strong>apud,Orientem</strong></span> <span class='ocrx_word' id='word_1_113' title='bbox 794 1777 1057 1838; x_wconf 79' lang='lat' dir='ltr'><strong>administrandis.</strong></span> <span class='ocrx_word' id='word_1_114' title='bbox 1073 1777 1139 1839; x_wconf 83' lang='lat' dir='ltr'><strong>Illic</strong></span> <span class='ocrx_word' id='word_1_115' title='bbox 1158 1790 1268 1840; x_wconf 83' lang='lat' dir='ltr'><strong>contu.</strong></span> 
     </span>
    </p>
   </div>
   <div class='ocr_carea' id='block_1_3' title="bbox 221 1885 1402 2188">
    <p class='ocr_par' dir='ltr' id='par_1_3' title="bbox 221 1885 1402 2188">
     <span class='ocr_line' id='line_1_15' title="bbox 221 1885 1402 1970; baseline -0.003 -23"><span class='ocrx_word' id='word_1_116' title='bbox 221 1889 316 1955; x_wconf 84' lang='lat' dir='ltr'><strong>mania</strong></span> <span class='ocrx_word' id='word_1_117' title='bbox 328 1895 360 1948; x_wconf 87' lang='lat' dir='ltr'><strong>et</strong></span> <span class='ocrx_word' id='word_1_118' title='bbox 376 1885 591 1946; x_wconf 79' lang='lat' dir='ltr'><strong>certaminibus</strong></span> <span class='ocrx_word' id='word_1_119' title='bbox 607 1897 774 1966; x_wconf 87' lang='lat' dir='ltr'><strong>asperasset</strong></span> <span class='ocrx_word' id='word_1_120' title='bbox 792 1887 931 1944; x_wconf 88' lang='lat' dir='ltr'><strong>iuvenem</strong></span> <span class='ocrx_word' id='word_1_121' title='bbox 943 1888 1084 1967; x_wconf 86' lang='lat' dir='ltr'><strong>exituque</strong></span> <span class='ocrx_word' id='word_1_122' title='bbox 1097 1891 1161 1946; x_wconf 90' lang='lat' dir='ltr'><strong>eius</strong></span> <span class='ocrx_word' id='word_1_123' title='bbox 1178 1887 1268 1948; x_wconf 86' lang='lat' dir='ltr'><strong>laeta·</strong></span> <span class='ocrx_word' id='word_1_124' title='bbox 1401 1951 1402 1970; x_wconf 13' lang='grc' dir='ltr'>χ</span> 
     </span>
     <span class='ocr_line' id='line_1_16' title="bbox 221 1962 1402 2074; baseline -0.001 -19"><span class='ocrx_word' id='word_1_125' title='bbox 221 2007 270 2055; x_wconf 89' lang='lat' dir='ltr'><strong>tus</strong></span> <span class='ocrx_word' id='word_1_126' title='bbox 281 2007 370 2071; x_wconf 88' lang='lat' dir='ltr'><strong>esset,</strong></span> <span class='ocrx_word' id='word_1_127' title='bbox 382 2015 420 2054; x_wconf 89' lang='lat' dir='ltr'><strong>an</strong></span> <span class='ocrx_word' id='word_1_128' title='bbox 434 1993 545 2054; x_wconf 89' lang='lat' dir='ltr'><strong>scelere</strong></span> <span class='ocrx_word' id='word_1_129' title='bbox 556 1993 890 2074; x_wconf 78' lang='lat' dir='ltr'><strong>exstinxisset,&#39;integ1·is</strong></span> <span class='ocrx_word' id='word_1_130' title='bbox 901 1962 1008 2052; x_wconf 81' lang='lat' dir='ltr'><strong>auiriris</strong></span> <span class='ocrx_word' id='word_1_131' title='bbox 1023 1986 1263 2055; x_wconf 85' lang='lat' dir='ltr'><strong>diiudicandum.</strong></span> <span class='ocrx_word' id='word_1_132' title='bbox 1291 1997 1321 2058; x_wconf 78' lang='lat'><strong>15</strong></span> <span class='ocrx_word' id='word_1_133' title='bbox 1401 1987 1402 2062; x_wconf 67' lang='lat' dir='ltr'><strong>i</strong></span> 
     </span>
     <span class='ocr_line' id='line_1_17' title="bbox 223 2095 1267 2188; baseline 0.003 -28"><span class='ocrx_word' id='word_1_134' title='bbox 223 2102 325 2178; x_wconf 77' lang='lat' dir='ltr'><strong>„Nem</strong></span> <span class='ocrx_word' id='word_1_135' title='bbox 338 2103 360 2160; x_wconf 91' lang='lat' dir='ltr'><strong>si</strong></span> <span class='ocrx_word' id='word_1_136' title='bbox 371 2101 485 2182; x_wconf 83' lang='lat' dir='ltr'><strong>legatus</strong></span> <span class='ocrx_word' id='word_1_137' title='bbox 495 2095 584 2159; x_wconf 91' lang='lat' dir='ltr'><strong>officii</strong></span> <span class='ocrx_word' id='word_1_138' title='bbox 599 2100 755 2170; x_wconf 88' lang='lat' dir='ltr'><strong>terminos,</strong></span> <span class='ocrx_word' id='word_1_139' title='bbox 768 2100 947 2188; x_wconf 82' lang='lat' dir='ltr'><strong>obsequium</strong></span> <span class='ocrx_word' id='word_1_140' title='bbox 959 2121 1029 2181; x_wconf 81' lang='lat' dir='ltr'><strong>erga</strong></span> <span class='ocrx_word' id='word_1_141' title='bbox 1047 2104 1267 2181; x_wconf 85' lang='lat' dir='ltr'><strong>imperatorem</strong></span> 
     </span>
    </p>
   </div>
   <div class='ocr_carea' id='block_1_4' title="bbox 134 2203 1329 2395">
    <p class='ocr_par' dir='ltr' id='par_1_4' title="bbox 134 2203 1329 2395">
     <span class='ocr_line' id='line_1_18' title="bbox 134 2203 1329 2288; baseline 0.007 -22"><span class='ocrx_word' id='word_1_142' title='bbox 134 2223 139 2236; x_wconf 81' lang='lat'><strong><em>‘</em></strong></span> <span class='ocrx_word' id='word_1_143' title='bbox 221 2208 319 2282; x_wconf 82' lang='lat' dir='ltr'><strong>exuit,</strong></span> <span class='ocrx_word' id='word_1_144' title='bbox 342 2207 536 2288; x_wconf 85' lang='lat' dir='ltr'><strong>eiusdemque</strong></span> <span class='ocrx_word' id='word_1_145' title='bbox 558 2215 657 2266; x_wconf 89' lang='lat' dir='ltr'><strong>morte</strong></span> <span class='ocrx_word' id='word_1_146' title='bbox 681 2216 710 2266; x_wconf 89' lang='lat' dir='ltr'><strong>et</strong></span> <span class='ocrx_word' id='word_1_147' title='bbox 733 2203 816 2265; x_wconf 83' lang='lat' dir='ltr'><strong>luctu</strong></span> <span class='ocrx_word' id='word_1_148' title='bbox 843 2227 910 2264; x_wconf 89' lang='lat' dir='ltr'><strong>meo</strong></span> <span class='ocrx_word' id='word_1_149' title='bbox 929 2205 1058 2267; x_wconf 86' lang='lat' dir='ltr'><strong>laetatus</strong></span> <span class='ocrx_word' id='word_1_150' title='bbox 1079 2220 1135 2286; x_wconf 88' lang='lat' dir='ltr'><strong>est,</strong></span> <span class='ocrx_word' id='word_1_151' title='bbox 1157 2211 1265 2282; x_wconf 68' lang='lat' dir='ltr'><strong>odero,</strong></span> <span class='ocrx_word' id='word_1_152' title='bbox 1324 2271 1329 2274; x_wconf 87' lang='lat'>.</span> 
     </span>
     <span class='ocr_line' id='line_1_19' title="bbox 219 2313 1267 2395; baseline 0.006 -23"><span class='ocrx_word' id='word_1_153' title='bbox 219 2333 457 2395; x_wconf 85' lang='lat' dir='ltr'><strong>seponamquea</strong></span> <span class='ocrx_word' id='word_1_154' title='bbox 477 2313 567 2372; x_wconf 89' lang='lat' dir='ltr'><strong>domo</strong></span> <span class='ocrx_word' id='word_1_155' title='bbox 592 2334 683 2389; x_wconf 84' lang='lat' dir='ltr'><strong>mea,</strong></span> <span class='ocrx_word' id='word_1_156' title='bbox 715 2323 745 2372; x_wconf 90' lang='lat' dir='ltr'><strong>et</strong></span> <span class='ocrx_word' id='word_1_157' title='bbox 775 2314 910 2394; x_wconf 85' lang='lat' dir='ltr'><strong>&#39;privatas</strong></span> <span class='ocrx_word' id='word_1_158' title='bbox 932 2316 1114 2377; x_wconf 82' lang='lat' dir='ltr'><strong>inimicitias</strong></span> <span class='ocrx_word' id='word_1_159' title='bbox 1136 2339 1201 2377; x_wconf 90' lang='lat' dir='ltr'><strong>non</strong></span> <span class='ocrx_word' id='word_1_160' title='bbox 1234 2319 1267 2378; x_wconf 93' lang='lat' dir='ltr'><strong>vi</strong></span> 
     </span>
    </p>
   </div>
   <div class='ocr_carea' id='block_1_5' title="bbox 312 2493 1268 2574">
    <p class='ocr_par' dir='ltr' id='par_1_5' title="bbox 312 2493 1268 2574">
     <span class='ocr_line' id='line_1_20' title="bbox 312 2493 1268 2574; baseline 0.002 -18"><span class='ocrx_word' id='word_1_161' title='bbox 312 2522 335 2556; x_wconf 74' lang='grc' dir='ltr'><strong>α.</strong></span> <span class='ocrx_word' id='word_1_162' title='bbox 355 2506 481 2572; x_wconf 84' lang='lat' dir='ltr'><strong>Lucium]</strong></span> <span class='ocrx_word' id='word_1_163' title='bbox 503 2507 590 2556; x_wconf 86' lang='lat' dir='ltr'><strong>Titum</strong></span> <span class='ocrx_word' id='word_1_164' title='bbox 608 2505 652 2572; x_wconf 77' lang='lat' dir='ltr'><strong>M5</strong></span> <span class='ocrx_word' id='word_1_165' title='bbox 672 2503 789 2555; x_wconf 81' lang='lat' dir='ltr'><strong>correxit</strong></span> <span class='ocrx_word' id='word_1_166' title='bbox 812 2503 869 2562; x_wconf 80' lang='lat' dir='ltr'><strong>Nic,</strong></span> <span class='ocrx_word' id='word_1_167' title='bbox 890 2505 977 2557; x_wconf 79' lang='lat' dir='ltr'><strong>Faber</strong></span> <span class='ocrx_word' id='word_1_168' title='bbox 997 2506 1146 2574; x_wconf 84' lang='lat' dir='ltr'><strong>respiciens</strong></span> <span class='ocrx_word' id='word_1_169' title='bbox 1172 2493 1268 2561; x_wconf 75' lang='lat' dir='ltr'><strong>Ta&#39;citi</strong></span> 
     </span>
    </p>
   </div>
   <div class='ocr_carea' id='block_1_6' title="bbox 222 2599 1268 2758">
    <p class='ocr_par' dir='ltr' id='par_1_6' title="bbox 222 2599 1268 2758">
     <span class='ocr_line' id='line_1_21' title="bbox 222 2599 1162 2664; baseline 0.002 -14"><span class='ocrx_word' id='word_1_170' title='bbox 222 2599 296 2650; x_wconf 84' lang='lat' dir='ltr'><strong>locos</strong></span> <span class='ocrx_word' id='word_1_171' title='bbox 315 2601 345 2662; x_wconf 87' lang='lat' dir='ltr'><strong>l,</strong></span> <span class='ocrx_word' id='word_1_172' title='bbox 369 2603 404 2652; x_wconf 68' lang='lat'><strong>13.</strong></span> <span class='ocrx_word' id='word_1_173' title='bbox 426 2601 481 2660; x_wconf 82' lang='lat' dir='ltr'><strong>vl,</strong></span> <span class='ocrx_word' id='word_1_174' title='bbox 502 2615 525 2664; x_wconf 87' lang='lat'><strong>7-</strong></span> <span class='ocrx_word' id='word_1_175' title='bbox 1160 2647 1162 2652; x_wconf 86' lang='lat'><em>.</em></span> 
     </span>
     <span class='ocr_line' id='line_1_22' title="bbox 310 2684 1268 2758; baseline 0.002 -15"><span class='ocrx_word' id='word_1_176' title='bbox 310 2691 334 2746; x_wconf 79' lang='lat'><strong>3.</strong></span> <span class='ocrx_word' id='word_1_177' title='bbox 353 2692 478 2753; x_wconf 85' lang='lat' dir='ltr'><strong>Murcum</strong></span> <span class='ocrx_word' id='word_1_178' title='bbox 498 2684 645 2758; x_wconf 84' lang='lat' dir='ltr'><strong>Vinicium]</strong></span> <span class='ocrx_word' id='word_1_179' title='bbox 666 2685 819 2740; x_wconf 77' lang='lat' dir='ltr'><strong>Fuinieium</strong></span> <span class='ocrx_word' id='word_1_180' title='bbox 839 2687 880 2738; x_wconf 83' lang='lat' dir='ltr'><strong>M:</strong></span> <span class='ocrx_word' id='word_1_181' title='bbox 905 2689 932 2739; x_wconf 85' lang='lat' dir='ltr'><strong>T.</strong></span> <span class='ocrx_word' id='word_1_182' title='bbox 957 2688 1095 2740; x_wconf 84' lang='lat' dir='ltr'><strong>Vinicium</strong></span> <span class='ocrx_word' id='word_1_183' title='bbox 1117 2708 1137 2744; x_wconf 85' lang='grc' dir='ltr'><strong>ι,</strong></span> <span class='ocrx_word' id='word_1_184' title='bbox 1157 2691 1268 2745; x_wconf 86' lang='lat' dir='ltr'><strong>Grono-</strong></span> 
     </span>
    </p>
   </div>
   <div class='ocr_carea' id='block_1_7' title="bbox 161 2783 1324 3994">
    <p class='ocr_par' dir='ltr' id='par_1_7' title="bbox 161 2783 1324 3134">
     <span class='ocr_line' id='line_1_23' title="bbox 222 2783 1262 2853; baseline 0.004 -19"><span class='ocrx_word' id='word_1_185' title='bbox 222 2786 301 2845; x_wconf 82' lang='lat' dir='ltr'><strong>vius,</strong></span> <span class='ocrx_word' id='word_1_186' title='bbox 321 2784 367 2834; x_wconf 78' lang='lat' dir='ltr'><strong>sed</strong></span> <span class='ocrx_word' id='word_1_187' title='bbox 385 2787 468 2853; x_wconf 79' lang='lat' dir='ltr'><strong>magis</strong></span> <span class='ocrx_word' id='word_1_188' title='bbox 487 2785 574 2852; x_wconf 85' lang='lat' dir='ltr'><strong>placet</strong></span> <span class='ocrx_word' id='word_1_189' title='bbox 592 2783 664 2852; x_wconf 74' lang='lat' dir='ltr'><strong>quoii</strong></span> <span class='ocrx_word' id='word_1_190' title='bbox 678 2783 814 2834; x_wconf 84' lang='lat' dir='ltr'><strong>Ernestius</strong></span> <span class='ocrx_word' id='word_1_191' title='bbox 834 2784 991 2834; x_wconf 83' lang='lat' dir='ltr'><strong>dubitanter</strong></span> <span class='ocrx_word' id='word_1_192' title='bbox 1011 2785 1166 2850; x_wconf 84' lang='lat' dir='ltr'><strong>proposuit,</strong></span> <span class='ocrx_word' id='word_1_193' title='bbox 1180 2788 1262 2837; x_wconf 85' lang='lat' dir='ltr'><strong>Mar·</strong></span> 
     </span>
     <span class='ocr_line' id='line_1_24' title="bbox 223 2872 1324 2955; baseline -0.002 -23"><span class='ocrx_word' id='word_1_194' title='bbox 223 2897 281 2932; x_wconf 82' lang='lat' dir='ltr'><strong>cum</strong></span> <span class='ocrx_word' id='word_1_195' title='bbox 302 2881 452 2932; x_wconf 73' lang='lat' dir='ltr'><strong>Viniciumz</strong></span> <span class='ocrx_word' id='word_1_196' title='bbox 477 2881 499 2930; x_wconf 87' lang='lat' dir='ltr'><strong>is</strong></span> <span class='ocrx_word' id='word_1_197' title='bbox 518 2881 589 2929; x_wconf 86' lang='lat' dir='ltr'><strong>euim</strong></span> <span class='ocrx_word' id='word_1_198' title='bbox 610 2893 687 2931; x_wconf 84' lang='lat' dir='ltr'><strong>ortus</strong></span> <span class='ocrx_word' id='word_1_199' title='bbox 711 2880 757 2936; x_wconf 74' lang='lat' dir='ltr'><strong>ies.</strong></span> <span class='ocrx_word' id='word_1_200' title='bbox 777 2882 822 2940; x_wconf 85' lang='lat' dir='ltr'><strong>vt,</strong></span> <span class='ocrx_word' id='word_1_201' title='bbox 849 2881 899 2950; x_wconf 75' lang='lat'><strong>15)</strong></span> <span class='ocrx_word' id='word_1_202' title='bbox 915 2893 994 2950; x_wconf 82' lang='lat' dir='ltr'><strong>patre</strong></span> <span class='ocrx_word' id='word_1_203' title='bbox 1015 2891 1098 2949; x_wconf 80' lang='lat' dir='ltr'><strong>atque</strong></span> <span class='ocrx_word' id='word_1_204' title='bbox 1117 2897 1173 2930; x_wconf 87' lang='lat' dir='ltr'><strong>avo</strong></span> <span class='ocrx_word' id='word_1_205' title='bbox 1189 2895 1285 2955; x_wconf 14' lang='lat' dir='ltr'><strong>&#39;cors-x</strong></span> <span class='ocrx_word' id='word_1_206' title='bbox 1322 2872 1324 2876; x_wconf 66' lang='grc'><strong>’</strong></span> 
     </span>
     <span class='ocr_line' id='line_1_25' title="bbox 222 2951 1266 3048; baseline 0.005 -27"><span class='ocrx_word' id='word_1_207' title='bbox 222 2951 466 3033; x_wconf 52' lang='lat' dir='ltr'><strong>interimemus</strong></span> <span class='ocrx_word' id='word_1_208' title='bbox 491 2971 605 3040; x_wconf 79' lang='lat' dir='ltr'><strong>ingenio</strong></span> <span class='ocrx_word' id='word_1_209' title='bbox 633 2987 659 3025; x_wconf 86' lang='lat' dir='ltr'><strong>et</strong></span> <span class='ocrx_word' id='word_1_210' title='bbox 679 2988 799 3048; x_wconf 80' lang='lat' dir='ltr'><strong>comptae</strong></span> <span class='ocrx_word' id='word_1_211' title='bbox 813 2973 967 3046; x_wconf 77' lang='lat' dir='ltr'><strong>facundiae</strong></span> <span class='ocrx_word' id='word_1_212' title='bbox 995 2975 1042 3024; x_wconf 83' lang='lat' dir='ltr'><strong>ad·</strong></span> <span class='ocrx_word' id='word_1_213' title='bbox 1058 2973 1266 3041; x_wconf 83' lang='lat' dir='ltr'><strong>suscipiendam</strong></span> 
     </span>
     <span class='ocr_line' id='line_1_26' title="bbox 161 3055 793 3134; baseline -0.002 -16"><span class='ocrx_word' id='word_1_214' title='bbox 161 3111 165 3118; x_wconf 95' lang='lat'>.</span> <span class='ocrx_word' id='word_1_215' title='bbox 224 3055 411 3118; x_wconf 73' lang='lat' dir='ltr'><strong>defensionem</strong></span> <span class='ocrx_word' id='word_1_216' title='bbox 430 3065 571 3134; x_wconf 86' lang='lat' dir='ltr'><strong>inprimis</strong></span> <span class='ocrx_word' id='word_1_217' title='bbox 594 3067 709 3118; x_wconf 88' lang='lat' dir='ltr'><strong>idoneus</strong></span> <span class='ocrx_word' id='word_1_218' title='bbox 728 3077 793 3120; x_wconf 85' lang='lat' dir='ltr'><strong>erat.</strong></span> 
     </span>
    </p>

    <p class='ocr_par' dir='ltr' id='par_1_8' title="bbox 309 3158 921 3228">
     <span class='ocr_line' id='line_1_27' title="bbox 309 3158 921 3228; baseline 0.01 -19"><span class='ocrx_word' id='word_1_219' title='bbox 309 3161 334 3214; x_wconf 86' lang='grc'><strong>5.</strong></span> <span class='ocrx_word' id='word_1_220' title='bbox 354 3158 475 3228; x_wconf 83' lang='lat' dir='ltr'><strong>Lepedus</strong></span> <span class='ocrx_word' id='word_1_221' title='bbox 494 3161 529 3212; x_wconf 90' lang='lat' dir='ltr'><strong>M.</strong></span> <span class='ocrx_word' id='word_1_222' title='bbox 554 3169 581 3212; x_wconf 89' lang='lat' dir='ltr'><strong>et</strong></span> <span class='ocrx_word' id='word_1_223' title='bbox 601 3180 663 3213; x_wconf 83' lang='lat' dir='ltr'><strong>mor</strong></span> <span class='ocrx_word' id='word_1_224' title='bbox 683 3163 839 3216; x_wconf 64' lang='lat' dir='ltr'><strong>Liveneius,</strong></span> <span class='ocrx_word' id='word_1_225' title='bbox 913 3179 921 3186; x_wconf 70' lang='grc'><strong>“</strong></span> 
     </span>
    </p>

    <p class='ocr_par' dir='ltr' id='par_1_9' title="bbox 223 3255 1266 3709">
     <span class='ocr_line' id='line_1_28' title="bbox 311 3255 1265 3324; baseline 0.003 -19"><span class='ocrx_word' id='word_1_226' title='bbox 311 3256 336 3308; x_wconf 88' lang='grc'><strong>8.</strong></span> <span class='ocrx_word' id='word_1_227' title='bbox 355 3270 388 3304; x_wconf 85' lang='lat' dir='ltr'><strong>ac</strong></span> <span class='ocrx_word' id='word_1_228' title='bbox 402 3267 538 3324; x_wconf 83' lang='lat' dir='ltr'><strong>premeret</strong></span> <span class='ocrx_word' id='word_1_229' title='bbox 554 3273 648 3310; x_wconf 80' lang='lat' dir='ltr'><strong>sensus</strong></span> <span class='ocrx_word' id='word_1_230' title='bbox 666 3275 728 3306; x_wconf 85' lang='lat' dir='ltr'><strong>suos</strong></span> <span class='ocrx_word' id='word_1_231' title='bbox 743 3255 868 3308; x_wconf 77' lang='lat' dir='ltr'><strong>Tiberius</strong></span> <span class='ocrx_word' id='word_1_232' title='bbox 889 3274 922 3308; x_wconf 82' lang='lat' dir='ltr'><strong>ae</strong></span> <span class='ocrx_word' id='word_1_233' title='bbox 934 3257 998 3324; x_wconf 56' lang='lat' dir='ltr'><strong>(Mn,</strong></span> <span class='ocrx_word' id='word_1_234' title='bbox 1016 3257 1064 3320; x_wconf 82' lang='lat' dir='ltr'><strong>an)</strong></span> <span class='ocrx_word' id='word_1_235' title='bbox 1076 3270 1219 3324; x_wconf 81' lang='lat' dir='ltr'><strong>premeret.</strong></span> <span class='ocrx_word' id='word_1_236' title='bbox 1240 3259 1265 3308; x_wconf 84' lang='lat' dir='ltr'><strong>is</strong></span> 
     </span>
     <span class='ocr_line' id='line_1_29' title="bbox 223 3339 1266 3420; baseline 0.005 -21"><span class='ocrx_word' id='word_1_237' title='bbox 223 3349 259 3399; x_wconf 78' lang='lat' dir='ltr'><strong>M.</strong></span> <span class='ocrx_word' id='word_1_238' title='bbox 274 3378 298 3387; x_wconf 96' lang='lat'><em>-</em></span> <span class='ocrx_word' id='word_1_239' title='bbox 313 3349 435 3404; x_wconf 77' lang='lat' dir='ltr'><strong>Alterum</strong></span> <span class='ocrx_word' id='word_1_240' title='bbox 454 3367 487 3402; x_wconf 86' lang='lat' dir='ltr'><strong>ac</strong></span> <span class='ocrx_word' id='word_1_241' title='bbox 503 3369 637 3420; x_wconf 83' lang='lat' dir='ltr'><strong>premeret</strong></span> <span class='ocrx_word' id='word_1_242' title='bbox 655 3339 844 3420; x_wconf 62' lang='lat' dir='ltr'><strong>dirroypntpip</strong></span> <span class='ocrx_word' id='word_1_243' title='bbox 862 3361 889 3402; x_wconf 90' lang='lat' dir='ltr'><strong>et</strong></span> <span class='ocrx_word' id='word_1_244' title='bbox 909 3353 932 3401; x_wconf 80' lang='lat' dir='ltr'><strong>is</strong></span> <span class='ocrx_word' id='word_1_245' title='bbox 952 3369 983 3402; x_wconf 86' lang='lat' dir='ltr'><strong>ex</strong></span> <span class='ocrx_word' id='word_1_246' title='bbox 1000 3351 1110 3418; x_wconf 85' lang='lat' dir='ltr'><strong>antiqua</strong></span> <span class='ocrx_word' id='word_1_247' title='bbox 1126 3353 1266 3418; x_wconf 84' lang='lat' dir='ltr'><strong>scriptura</strong></span> 
     </span>
     <span class='ocr_line' id='line_1_30' title="bbox 225 3431 1259 3512; baseline 0.006 -22"><span class='ocrx_word' id='word_1_248' title='bbox 225 3431 256 3491; x_wconf 71' lang='lat' dir='ltr'><strong>i&#39;S</strong></span> <span class='ocrx_word' id='word_1_249' title='bbox 276 3451 369 3493; x_wconf 87' lang='lat' dir='ltr'><strong>natum</strong></span> <span class='ocrx_word' id='word_1_250' title='bbox 385 3453 431 3496; x_wconf 85' lang='lat' dir='ltr'><strong>est.</strong></span> <span class='ocrx_word' id='word_1_251' title='bbox 470 3447 508 3497; x_wconf 86' lang='lat' dir='ltr'><strong>Iis</strong></span> <span class='ocrx_word' id='word_1_252' title='bbox 535 3447 706 3497; x_wconf 72' lang='lat' dir='ltr'><strong>referentium</strong></span> <span class='ocrx_word' id='word_1_253' title='bbox 725 3446 758 3494; x_wconf 71' lang='lat' dir='ltr'><strong>ati</strong></span> <span class='ocrx_word' id='word_1_254' title='bbox 787 3455 922 3512; x_wconf 82' lang='lat' dir='ltr'><strong>postrema</strong></span> <span class='ocrx_word' id='word_1_255' title='bbox 941 3450 1016 3498; x_wconf 83' lang='lat' dir='ltr'><strong>satin</strong></span> <span class='ocrx_word' id='word_1_256' title='bbox 1048 3443 1187 3496; x_wconf 80' lang='lat' dir='ltr'><strong>cohiberet</strong></span> <span class='ocrx_word' id='word_1_257' title='bbox 1210 3446 1259 3496; x_wconf 72' lang='lat' dir='ltr'><strong>&#39;ac</strong></span> 
     </span>
     <span class='ocr_line' id='line_1_31' title="bbox 223 3540 1263 3611; baseline 0.007 -24"><span class='ocrx_word' id='word_1_258' title='bbox 223 3551 356 3604; x_wconf 81' lang='lat' dir='ltr'><strong>premeret</strong></span> <span class='ocrx_word' id='word_1_259' title='bbox 377 3556 470 3592; x_wconf 85' lang='lat' dir='ltr'><strong>sensus</strong></span> <span class='ocrx_word' id='word_1_260' title='bbox 488 3560 552 3592; x_wconf 82' lang='lat' dir='ltr'><strong>suos</strong></span> <span class='ocrx_word' id='word_1_261' title='bbox 574 3544 722 3606; x_wconf 53' lang='grc' dir='ltr'><strong>Μονίμη</strong></span> <span class='ocrx_word' id='word_1_262' title='bbox 740 3540 774 3588; x_wconf 77' lang='lat' dir='ltr'><strong>ae</strong></span> <span class='ocrx_word' id='word_1_263' title='bbox 796 3544 957 3610; x_wconf 85' lang='lat' dir='ltr'><strong>sententiam</strong></span> <span class='ocrx_word' id='word_1_264' title='bbox 981 3543 1043 3611; x_wconf 84' lang='lat' dir='ltr'><strong>plus</strong></span> <span class='ocrx_word' id='word_1_265' title='bbox 1069 3540 1124 3590; x_wconf 82' lang='lat' dir='ltr'><strong>sibi</strong></span> <span class='ocrx_word' id='word_1_266' title='bbox 1140 3570 1174 3578; x_wconf 84' lang='lat'>—</span> <span class='ocrx_word' id='word_1_267' title='bbox 1191 3560 1263 3610; x_wconf 85' lang='lat' dir='ltr'><strong>per·</strong></span> 
     </span>
     <span class='ocr_line' id='line_1_32' title="bbox 223 3634 1264 3709; baseline 0.004 -25"><span class='ocrx_word' id='word_1_268' title='bbox 223 3634 298 3686; x_wconf 78' lang='lat' dir='ltr'><strong>misit</strong></span> <span class='ocrx_word' id='word_1_269' title='bbox 317 3651 349 3684; x_wconf 76' lang='lat' dir='ltr'><strong>ex</strong></span> <span class='ocrx_word' id='word_1_270' title='bbox 370 3637 595 3687; x_wconf 78' lang='lat' dir='ltr'><strong>antecedentibus</strong></span> <span class='ocrx_word' id='word_1_271' title='bbox 613 3653 695 3709; x_wconf 84' lang='lat' dir='ltr'><strong>quam</strong></span> <span class='ocrx_word' id='word_1_272' title='bbox 722 3635 796 3684; x_wconf 81' lang='lat' dir='ltr'><strong>aiios</strong></span> <span class='ocrx_word' id='word_1_273' title='bbox 819 3635 983 3700; x_wconf 82' lang='lat' dir='ltr'><strong>cogitatione</strong></span> <span class='ocrx_word' id='word_1_274' title='bbox 1001 3637 1189 3704; x_wconf 83' lang='lat' dir='ltr'><strong>supplendum</strong></span> <span class='ocrx_word' id='word_1_275' title='bbox 1212 3635 1264 3692; x_wconf 74' lang='lat' dir='ltr'><strong>est.</strong></span> 
     </span>
    </p>

    <p class='ocr_par' dir='ltr' id='par_1_10' title="bbox 224 3711 1264 3894">
     <span class='ocr_line' id='line_1_33' title="bbox 297 3711 1264 3800; baseline 0.008 -21"><span class='ocrx_word' id='word_1_276' title='bbox 297 3731 334 3781; x_wconf 78' lang='lat'><strong>15.</strong></span> <span class='ocrx_word' id='word_1_277' title='bbox 357 3731 473 3800; x_wconf 76' lang='lat' dir='ltr'><strong>integris</strong></span> <span class='ocrx_word' id='word_1_278' title='bbox 491 3731 609 3792; x_wconf 86' lang='lat' dir='ltr'><strong>animis,</strong></span> <span class='ocrx_word' id='word_1_279' title='bbox 630 3729 656 3778; x_wconf 91' lang='lat' dir='ltr'><strong>h.</strong></span> <span class='ocrx_word' id='word_1_280' title='bbox 680 3744 702 3777; x_wconf 85' lang='lat' dir='ltr'><strong>e.</strong></span> <span class='ocrx_word' id='word_1_281' title='bbox 725 3729 822 3780; x_wconf 87' lang='lat' dir='ltr'><strong>animis</strong></span> <span class='ocrx_word' id='word_1_282' title='bbox 842 3711 930 3798; x_wconf 83' lang='lat' dir='ltr'><strong>neque</strong></span> <span class='ocrx_word' id='word_1_283' title='bbox 949 3733 1104 3800; x_wconf 87' lang='lat' dir='ltr'><strong>suspicione</strong></span> <span class='ocrx_word' id='word_1_284' title='bbox 1123 3742 1170 3785; x_wconf 80' lang='lat' dir='ltr'><strong>aut</strong></span> <span class='ocrx_word' id='word_1_285' title='bbox 1193 3735 1264 3787; x_wconf 82' lang='lat' dir='ltr'><strong>odio</strong></span> 
     </span>
     <span class='ocr_line' id='line_1_34' title="bbox 224 3825 562 3894; baseline 0 -18"><span class='ocrx_word' id='word_1_286' title='bbox 224 3841 314 3894; x_wconf 86' lang='lat' dir='ltr'><strong>neque</strong></span> <span class='ocrx_word' id='word_1_287' title='bbox 335 3827 424 3878; x_wconf 82' lang='lat' dir='ltr'><strong>favore</strong></span> <span class='ocrx_word' id='word_1_288' title='bbox 443 3825 562 3879; x_wconf 83' lang='lat' dir='ltr'><strong>infectis.</strong></span> 
     </span>
    </p>

    <p class='ocr_par' dir='ltr' id='par_1_11' title="bbox 257 3917 1048 3994">
     <span class='ocr_line' id='line_1_35' title="bbox 257 3917 1048 3994; baseline 0.003 -22"><span class='ocrx_word' id='word_1_289' title='bbox 257 3940 259 3947; x_wconf 68' lang='grc'>’</span> <span class='ocrx_word' id='word_1_290' title='bbox 297 3923 336 3975; x_wconf 84' lang='lat' dir='ltr'><strong>tii.</strong></span> <span class='ocrx_word' id='word_1_291' title='bbox 358 3923 423 3972; x_wconf 81' lang='lat' dir='ltr'><strong>novi</strong></span> <span class='ocrx_word' id='word_1_292' title='bbox 439 3920 576 3989; x_wconf 82' lang='lat' dir='ltr'><strong>principis</strong></span> <span class='ocrx_word' id='word_1_293' title='bbox 595 3919 641 3971; x_wconf 87' lang='lat' dir='ltr'><strong>M:</strong></span> <span class='ocrx_word' id='word_1_294' title='bbox 660 3935 715 3969; x_wconf 83' lang='lat' dir='ltr'><strong>uon</strong></span> <span class='ocrx_word' id='word_1_295' title='bbox 733 3917 758 3970; x_wconf 79' lang='lat' dir='ltr'><strong>vi</strong></span> <span class='ocrx_word' id='word_1_296' title='bbox 775 3918 913 3990; x_wconf 83' lang='lat' dir='ltr'><strong>principis</strong></span> <span class='ocrx_word' id='word_1_297' title='bbox 932 3923 1048 3994; x_wconf 78' lang='lat' dir='ltr'><strong>Lipsius,</strong></span> 
     </span>
    </p>
   </div>
   <div class='ocr_carea' id='block_1_8' title="bbox 0 0 1418 4727">
    <p class='ocr_par' dir='ltr' id='par_1_12' title="bbox 0 0 1418 4727">
     <span class='ocr_line' id='line_1_36' title="bbox 0 0 1418 4727; baseline 0 0"><span class='ocrx_word' id='word_1_298' title='bbox 0 0 1418 4727; x_wconf 95' lang='lat' dir='ltr'><strong> </strong></span> 
     </span>
    </p>
   </div>
  </div>
 </body>
</html>
