2862 4726
229 313 287 382 242
367 309 376 352 t
395 265 400 280 l
655 310 869 372 ernastum
899 329 901 336 ·

79 493 106 560 (ι
126 489 154 544 C·
168 491 307 576 totopud
326 503 462 553 senatum
482 491 639 552 ordiendo.
685 494 870 568 „Fortunae
887 490 1010 572 quidem
1032 511 1116 551 meae
1142 489 1269 550 fortasse

227 603 328 662 minus
350 600 488 682 expedint
510 620 672 680 agnoscere
693 600 810 660 crimen
831 619 923 680 quam
944 599 1088 660 abnuere.
1130 595 1192 657 Sed
1217 609 1268 658 ut·

223 730 344 792 cunque
365 730 474 770 casura
496 729 545 768 res
569 719 635 784 cst,
658 708 777 768 fatebor
797 719 827 767 et
861 708 950 796 titisse
978 689 1026 768 me
1047 701 1158 766 Seiano
1191 706 1270 764 ami-

223 837 313 893 cum,
340 825 370 876 et
392 823 428 873 ut
458 833 555 876 essem
583 816 746 894 expetisse,
783 825 813 874 et
848 825 1006 896 postquam
1028 813 1156 894 adeptus
1184 819 1270 872 eram

224 923 378 991 laetatum.
420 921 569 984 Videram
589 920 737 1003 collegam
758 922 852 1002 patris
874 922 1015 1004 regendis
1035 921 1194 1004 praetoriis
1215 940 1268 980 co·
1288 924 1308 986 5

222 1031 392 1104 hortibus,
416 1051 484 1092 mos
504 1031 590 1092 urbis
610 1041 640 1090 et
663 1029 790 1090 militiae
824 1033 928 1092 munia
961 1030 1053 1091 simul
1088 1027 1268 1093 obeuntem.

224 1135 309 1200 lllius
331 1137 496 1220 propinqui
519 1147 550 1198 et
565 1135 678 1197 affines
702 1135 870 1206 honoribus
891 1139 1102 1221 augebantur3
1123 1146 1159 1196 ut
1181 1135 1268 1217 quis-

224 1268 286 1330 que
313 1249 423 1310 Seiano
455 1246 601 1314 intimus,
633 1244 674 1304 ita
705 1244 743 1302 ad
777 1245 910 1306 Caesaris
937 1245 1104 1306 amicitiam
1130 1242 1264 1317 validus;

225 1366 350 1432 eontra,
375 1355 486 1438 quibus
508 1354 641 1414 infensus
663 1363 755 1428 esset,
778 1366 862 1422 metu
886 1377 922 1416 ac
943 1356 1086 1418 sordibus
1105 1354 1267 1415 conflicta·

224 1461 348 1528 bantur.
393 1463 457 1526 Neo
477 1479 660 1542 quemquam
688 1460 825 1546 exemplo
860 1482 1002 1521 assumo:
1029 1473 1173 1540 cunctos,
1207 1463 1262 1543 qui
1290 1478 1333 1520 ιο

225 1572 380 1632 novissimi
403 1567 518 1630 consilii
539 1579 678 1648 expertes
715 1569 846 1643 fuimus,
881 1589 948 1628 meo
975 1571 1065 1628 unius
1095 1569 1269 1630 discrimine
1302 1613 1308 1622 .

225 1677 397 1740 defendam.
439 1676 506 1735 Non
530 1677 612 1734 enirn
634 1675 780 1736 Seianum
801 1675 1044 1752 Vulsiniensem,
1066 1677 1118 1736 sed
1140 1677 1268 1738 Claudi-

225 1807 261 1848 ae
282 1797 310 1848 et
333 1786 424 1846 loliae
456 1781 565 1846 domus
594 1795 733 1864 partem,
768 1806 844 1865 quas
865 1783 1012 1858 affinitate
1033 1796 1263 1866 „occupaverat,

223 1904 333 1972 tuum,
358 1893 488 1966 Caesar,
512 1913 681 1973 generum,
701 1894 747 1952 tui
768 1893 945 1954 consulatus
965 1897 1102 1967 socium,
1126 1877 1178 1952 tua
1199 1891 1267 1952 offi-

223 2003 271 2064 cia
291 2004 322 2062 io
338 2021 371 2060 re
390 1995 511 2080 publica
532 2009 738 2077 capessentem
752 2000 936 2060 colebamus.
964 2002 1034 2061 Non
1054 2013 1099 2062 est
1123 2010 1262 2060 nostrum
1293 2001 1331 2061 15

224 2110 403 2182 aestimare,
426 2127 519 2186 quem
539 2127 629 2185 supra
655 2117 770 2166 ceteros
789 2117 819 2169 et
841 2107 954 2188 quibus
982 2109 1021 2169 de
1053 2111 1150 2169 causis
1178 2105 1269 2168 extol·

223 2216 280 2278 las.
322 2216 393 2274 Tibi
416 2235 570 2277 summum
591 2235 695 2286 rerum
720 2215 866 2276 iudicium
892 2215 924 2276 di
944 2216 1075 2278 dedere:
1099 2217 1188 2276 nobis
1210 2217 1267 2276 ob·

221 2321 320 2404 sequii
342 2319 437 2404 gloria
460 2317 570 2378 relicta
589 2330 645 2383 est.
676 2321 855 2398 §pectamur
875 2343 966 2402 porro
986 2343 1066 2403 quae
1090 2346 1193 2386 coram
1210 2326 1267 2386 lra-

224 2432 348 2508 bentur,
370 2430 419 2488 cui
436 2449 470 2488 ex
490 2439 521 2488 te
542 2449 616 2508 opes
638 2428 782 2506 honores,
805 2432 874 2512 quis
896 2431 1027 2512 plurima
1050 2433 1176 2494 iuvandi
1210 2455 1266 2493 no-

224 2539 352 2601 cendive
369 2539 503 2617 potentia
522 2558 531 2612 3
552 2557 632 2617 quae
653 2538 764 2598 Seiano
781 2539 870 2598 luisse
891 2561 983 2602 nemo
1002 2545 1169 2624 negaverit.
1198 2542 1265 2602 Ab·
1285 2563 1327 2604 20

223 2646 305 2708 ditos
325 2645 469 2726 principis
489 2665 607 2719 sensus,
630 2655 661 2704 et
681 2647 707 2706 si
724 2647 800 2728 quid
817 2646 966 2708 occultius
987 2661 1085 2729 parat,
1108 2653 1267 2732 exquirere

222 2755 364 2816 illicitum
385 2772 510 2831 anceps,
533 2773 589 2811 nee
610 2753 679 2834 ideo
699 2775 870 2835 assequare.
893 2755 950 2832 Ne,
967 2769 1068 2838 patres
1089 2761 1265 2840 conscripti,

222 2865 364 2926 ultimum
398 2862 502 2922 Seiani
538 2860 620 2920 diem
662 2861 714 2920 sed
743 2862 875 2924 sedecim
920 2884 1017 2925 anuos
1049 2866 1264 2946 cogitaveritis.

221 2969 325 3031 Etiam
346 2971 479 3030 Satrium
513 2981 605 3052 atque
636 2972 842 3051 Pomponium
868 2973 1111 3050 venerabamur,
1142 2975 1261 3035 libertis

165 3099 176 3114 ·
221 3098 344 3161 quoque
364 3099 400 3136 ac
420 3079 601 3140 ianitoribus
621 3084 687 3140 eius
705 3092 861 3140 notescere
877 3102 933 3161 pro
951 3081 1111 3164 magnifico
1133 3085 1262 3164 accipie·
1281 3085 1325 3146 25

220 3187 324 3248 batur.
368 3187 453 3264 Quid
474 3193 576 3268 ergo?
598 3187 772 3248 indistincta
796 3187 872 3248 baec
892 3189 1029 3252 defensio
1058 3201 1088 3250 et
1109 3189 1265 3270 promisca

191 3333 199 3342 -
221 3291 367 3354 dabitur?
388 3295 484 3354 immo
506 3297 594 3354 iustis
619 3294 760 3354 terminis
781 3293 949 3355 dividatur.
990 3293 1123 3357 Insidiae
1144 3297 1175 3356 iu
1198 3317 1265 3358 rem

221 3400 394 3483 publicam,
416 3399 541 3460 consilia
561 3401 662 3461 caedis
691 3399 855 3460 adversum
887 3403 1100 3481 imperatorem
1132 3405 1265 3484 punian-

220 3519 290 3572 tur:
312 3507 353 3566 de
376 3508 511 3568 amicitia
530 3517 562 3568 et
580 3506 686 3568 officiis
705 3506 787 3566 idem
806 3508 872 3568 linis
894 3519 926 3567 et
945 3516 986 3581 te,
1014 3507 1134 3587 Caesar,
1156 3521 1187 3571 et
1208 3531 1265 3572 uos

121 3613 128 3618 ’
221 3615 422 3680 absolverit.“
451 3599 631 3676 Constantia
659 3615 828 3690 orationis,
860 3624 891 3672 et
923 3613 995 3694 quia
1024 3628 1166 3698 repertus
1196 3623 1292 3701 era19

221 3722 278 3804 qui
297 3721 423 3782 efferret
441 3743 522 3804 quae
541 3743 648 3784 omnes
662 3724 765 3786 animo
779 3719 949 3801 agitabant,
961 3742 997 3782 eo
1012 3745 1107 3807 usque
1125 3734 1266 3808 potuere,

297 3960 337 4002 ιι.
354 3943 412 4017 seed
433 3958 461 3998 et
478 3946 523 4010 m
541 3947 660 4000 correxit
678 3943 833 3996 maanus
