2862 4726
248 295 311 378 ero
425 265 430 278 ’
587 386 595 397 .
674 303 891 372 amitten

29 463 30 470 i
100 497 127 563 (a
147 493 342 565 caeptum
362 493 422 550 iam
445 511 501 572 por
521 491 673 574 angustias
690 491 833 560 saltuum.
875 488 1009 585 Quidam
1027 486 1191 552 audentius
1201 451 1284 572 *apen

246 600 288 661 tis
309 600 338 660 in
364 599 493 662 collibus
514 601 711 672 visebantur;
733 623 809 684 quos
838 601 900 664 dux
932 602 1089 662 Romanus
1120 601 1187 662 acie
1215 621 1284 682 sug·

246 728 366 790 gressus
379 706 463 768 haud
484 729 574 790 aegre
602 689 740 791 pepulit,
762 709 911 792 sauguine
936 707 1140 768 barbarorum
1169 706 1286 768 modico

194 801 197 814 ’
246 814 289 876 ob
308 816 479 897 propinqua
513 812 652 895 suffugia.
695 814 767 876 Mox
803 813 909 876 castris
938 815 970 876 in
999 814 1067 875 loco
1094 816 1284 874 communitis

245 901 346 984 'valida
367 943 457 982 mauu
478 932 611 982 montem
633 933 781 1004 occupet,
801 901 1018 1006 angustum&
1044 921 1166 1005 aequali
1197 921 1316 1004 dorsoi

246 1033 426 1094 continuum
445 1029 600 1110 usquead
622 1034 796 1111 proximum
818 1029 990 1110 castellum,
1011 1031 1095 1112 quod
1117 1053 1225 1120 magna
1244 1030 1286 1090 ris

245 1149 366 1202 armata
386 1147 441 1200 aut
462 1138 618 1199 incondita
639 1139 806 1217 tuebatur;
829 1137 920 1222 simul
941 1143 970 1200 in
1000 1139 1219 1217 ferocissimos,
1236 1137 1287 1220 qui

244 1257 321 1312 ante*
341 1247 456 1310 vallum
477 1269 563 1308 more
583 1247 687 1330 gentis
704 1271 777 1310 enm
802 1250 989 1310 carminibus
1011 1261 1042 1312 et
1062 1248 1202 1330 tripudiis
1221 1269 1286 1330 per-

245 1355 423 1431 saltabant,
447 1353 540 1414 mittit
564 1353 698 1416 delectos
718 1355 959 1438 sagittariorum.
1014 1354 1040 1416 li
1066 1353 1140 1416 dum
1172 1359 1288 1420 eminus

244 1463 481 1551 grassabantur,
503 1462 613 1526 crebra
630 1455 661 1526 et
683 1464 779 1547 inulta
802 1463 929 1526 vulnera
953 1461 1072 1538 fecere,
1095 1463 1219 1544 propius
1241 1461 1286 1522 in·
1305 1478 1334 1520 to

181 1637 185 1644 ,
243 1574 385 1636 cedentes
402 1575 565 1656 eruptione
585 1575 685 1636 subita
706 1573 824 1650 turbati
846 1584 917 1636 sunt
935 1573 1127 1656 receptique
1154 1571 1288 1634 subsidio

146 1661 147 1664 Ἴ
241 1681 432 1768 Sugambrae
459 1683 621 1765 cohortis,
649 1705 742 1770 quam
764 1687 920 1746 Romanus
943 1693 1116 1764 promptam
1143 1681 1181 1742 ad
1208 1681 1289 1764 peri·
1325 1721 1327 1724 -

245 1789 314 1854 cula
335 1813 391 1854 nec
410 1795 510 1854 minus
531 1802 679 1855 cantuum
701 1803 731 1854 et
745 1813 902 1852 armorum
922 1791 1058 1852 tumultu
1071 1801 1189 1874 trucem
1207 1789 1288 1852 band

243 1901 354 1984 procul
376 1905 573 1965 instruxerat.
616 1899 779 1961 Translata
802 1899 914 1960 dehinc
937 1909 1036 1961 castra
1055 1899 1174 1962 hostem
1198 1889 1337 1982 prop-48

243 2020 309 2086 ter,
335 2007 448 2070 relictis
470 2008 551 2090 apud
572 2006 676 2090 priora
699 2009 889 2068 munimenta
911 2007 1121 2084 Thraecibus,
1142 2029 1224 2089 quos
1241 2027 1289 2067 no·
1306 2001 1335 2070 15

243 2117 290 2176 bis
311 2115 432 2178 affuisse
457 2115 639 2177 memoravi.
683 2114 784 2197 lisque
809 2102 992 2196 permissum
1031 2125 1151 2178 vastare
1177 2136 1289 2191 urere,

244 2223 367 2284 trahere
398 2223 548 2304 praedas,
583 2221 657 2284 dum
688 2221 847 2304 populatio
870 2223 969 2285 lucem
1006 2224 1087 2285 intra
1116 2225 1289 2298 sisteretur,

246 2339 429 2413 codemque
459 2331 490 2390 in
523 2332 631 2392 castris
660 2341 758 2391 tutam
790 2342 821 2392 et
849 2332 972 2414 vigilem
1001 2341 1202 2415 capesserent.
1256 2331 1292 2395 ld

246 2437 347 2520 primo
366 2443 544 2498 serratum:
575 2456 645 2502 mox
667 2436 749 2498 versi
786 2438 817 2498 in
840 2437 945 2498 luxum
967 2448 998 2500 et
1019 2440 1111 2522 raptis
1131 2441 1290 2524 opulenti,

245 2549 387 2608 omittere
403 2545 568 2623 stationes,
595 2543 718 2607 lascivia
754 2547 915 2630 epularum
945 2558 1000 2608 aut
1027 2566 1135 2609 somno
1167 2559 1199 2612 et
1217 2553 1287 2613 vino
1305 2573 1340 2618 aa

246 2633 457 2740 procumbere.
500 2654 597 2736 Igitur
615 2653 718 2716 hostes
738 2654 857 2715 incuria
881 2677 991 2744 eorum
1020 2666 1197 2738 comperta,
1231 2657 1291 2720 duo

247 2765 369 2850 agmina
390 2775 515 2846 parant,
543 2785 674 2846 quorum
699 2762 796 2825 altero
826 2765 1022 2846 populatores
1055 2767 1291 2844 invaderentur,

247 2875 298 2935 alii
325 2885 422 2935 castra
449 2875 588 2934 Romana
618 2885 854 2954 oppugnarent,
877 2897 940 2935 non
961 2897 1015 2957 spe
1042 2874 1201 2957 capiendi,
1237 2873 1291 2936 sed

247 2991 283 3040 ut
300 2981 436 3042 elamore
456 2981 525 3040 telis
546 3001 603 3040 suo
627 2983 756 3063 quisque
776 2982 911 3064 periculo
930 2983 1066 3043 intentus
1085 3004 1227 3044 sonorem
1247 2981 1291 3042 al·

248 3091 345 3150 terius
368 3087 472 3169 praelii
507 3107 581 3148 noa·
601 3090 758 3182 acciperet.
810 3090 972 3154 Tenebrae
1001 3091 1124 3173 insuper
1153 3091 1289 3154 delectae
1307 3089 1340 3154 25

250 3193 421 3281 sugendam
444 3196 485 3258 ad
507 3197 714 3260 formidinem.
757 3198 819 3260 Sed
844 3200 897 3282 qui
916 3198 1031 3261 vallum
1052 3199 1205 3282 legionum
1227 3212 1294 3267 tea÷

250 3306 378 3384 tabant,
395 3305 484 3366 facile
506 3305 682 3389 pelluntur:
712 3305 888 3394 Thraecum
918 3307 1028 3368 auxilia
1064 3311 1222 3391 repentino
1247 3311 1293 3370 in·

190 3485 196 3498 .
252 3436 343 3475 cursu
368 3417 499 3486 territa,
519 3432 593 3475 ‘cum
613 3434 683 3494 pars
711 3411 931 3472 munitionibus
960 3413 1158 3490 adiacerent,
1191 3418 1294 3503 plures

254 3531 339 3580 extra
372 3521 574 3603 palarentur,
593 3531 678 3580 tanto
701 3517 845 3579 infensius
871 3521 948 3578 caesi
961 3562 986 3598 ,.
1001 3533 1117 3602 quanto
1149 3525 1294 3608 perfugae

258 3639 288 3689 et
307 3629 475 3712 proditores
493 3629 577 3695 ,ferre
592 3649 675 3688 arma
697 3627 735 3686 ad
753 3647 842 3687 suum
863 3629 1040 3712 patriaeque
1068 3633 1225 3694 servitium
1248 3637 1294 3695 in·
1309 3637 1343 3698 30

488 3861 491 3876 l

329 3971 368 4008 ts.
387 3949 557 4020 sugranlrras
578 3952 614 4004 M.
