<?xml version="1.0" encoding="UTF-8"?>
<!DOCTYPE html PUBLIC "-//W3C//DTD XHTML 1.0 Transitional//EN"
    "http://www.w3.org/TR/xhtml1/DTD/xhtml1-transitional.dtd">
<html xmlns="http://www.w3.org/1999/xhtml" xml:lang="en" lang="en">
 <head>
  <title>
</title>
<meta http-equiv="Content-Type" content="text/html;charset=utf-8" />
  <meta name='ocr-system' content='tesseract 3.04.00' />
  <meta name='ocr-capabilities' content='ocr_page ocr_carea ocr_par ocr_line ocrx_word'/>
</head>
<body>
  <div class='ocr_page' id='page_1' title='image "./ccorneliitaciti00rittgoog_0317.png"; bbox 0 0 2900 4724; ppageno 0'>
   <div class='ocr_carea' id='block_1_1' title="bbox 487 309 1217 380">
    <p class='ocr_par' dir='ltr' id='par_1_1' title="bbox 487 309 1217 380">
     <span class='ocr_line' id='line_1_1' title="bbox 487 309 1217 380; baseline 0.01 -6"><span class='ocrx_word' id='word_1_1' title='bbox 487 311 563 379; x_wconf 73' lang='grc' dir='ltr'><strong>ΜΒ.</strong></span> <span class='ocrx_word' id='word_1_2' title='bbox 583 309 656 374; x_wconf 78' lang='lat' dir='ltr'><strong>xn.</strong></span> <span class='ocrx_word' id='word_1_3' title='bbox 701 311 787 372; x_wconf 82' lang='lat' dir='ltr'><strong>CAP·</strong></span> <span class='ocrx_word' id='word_1_4' title='bbox 814 310 945 380; x_wconf 73' lang='lat' dir='ltr'><strong>‘to-tt.</strong></span> <span class='ocrx_word' id='word_1_5' title='bbox 1156 314 1217 380; x_wconf 77' lang='grc'><strong>309</strong></span> 
     </span>
    </p>
   </div>
   <div class='ocr_carea' id='block_1_2' title="bbox 108 493 1364 3267">
    <p class='ocr_par' dir='ltr' id='par_1_2' title="bbox 152 493 1364 1010">
     <span class='ocr_line' id='line_1_2' title="bbox 192 493 1364 595; baseline 0.001 -33"><span class='ocrx_word' id='word_1_6' title='bbox 192 499 248 562; x_wconf 83' lang='lat' dir='ltr'><strong>Gai</strong></span> <span class='ocrx_word' id='word_1_7' title='bbox 271 500 406 564; x_wconf 82' lang='lat' dir='ltr'><strong>Caesaris</strong></span> <span class='ocrx_word' id='word_1_8' title='bbox 428 501 539 586; x_wconf 87' lang='lat' dir='ltr'><strong>nuptiis</strong></span> <span class='ocrx_word' id='word_1_9' title='bbox 553 501 694 564; x_wconf 85' lang='lat' dir='ltr'><strong>consulto</strong></span> <span class='ocrx_word' id='word_1_10' title='bbox 713 499 882 574; x_wconf 78' lang='lat' dir='ltr'><strong>reticebat),</strong></span> <span class='ocrx_word' id='word_1_11' title='bbox 915 497 1032 559; x_wconf 82' lang='lat' dir='ltr'><strong>addidit</strong></span> <span class='ocrx_word' id='word_1_12' title='bbox 1048 499 1214 595; x_wconf 70' lang='lat' dir='ltr'><strong>peruiciosa</strong></span> <span class='ocrx_word' id='word_1_13' title='bbox 1227 493 1364 566; x_wconf 58' lang='lat' dir='ltr'><strong>(aete)</strong></span> 
     </span>
     <span class='ocr_line' id='line_1_3' title="bbox 188 603 1218 692; baseline -0.004 -25"><span class='ocrx_word' id='word_1_14' title='bbox 188 609 220 668; x_wconf 87' lang='lat' dir='ltr'><strong>ia</strong></span> <span class='ocrx_word' id='word_1_15' title='bbox 242 607 477 692; x_wconf 86' lang='lat' dir='ltr'><strong>rempublicam</strong></span> <span class='ocrx_word' id='word_1_16' title='bbox 500 609 649 685; x_wconf 86' lang='lat' dir='ltr'><strong>consilia,</strong></span> <span class='ocrx_word' id='word_1_17' title='bbox 683 617 715 668; x_wconf 91' lang='lat' dir='ltr'><strong>et</strong></span> <span class='ocrx_word' id='word_1_18' title='bbox 737 607 897 668; x_wconf 79' lang='lat' dir='ltr'>materiem</span> <span class='ocrx_word' id='word_1_19' title='bbox 919 603 1025 666; x_wconf 85' lang='lat' dir='ltr'><strong>sceleri</strong></span> <span class='ocrx_word' id='word_1_20' title='bbox 1057 603 1218 666; x_wconf 86' lang='lat' dir='ltr'><strong>detraben-</strong></span> 
     </span>
     <span class='ocr_line' id='line_1_4' title="bbox 188 712 1220 798; baseline -0.001 -26"><span class='ocrx_word' id='word_1_21' title='bbox 188 713 279 776; x_wconf 88' lang='lat' dir='ltr'><strong>dam:</strong></span> <span class='ocrx_word' id='word_1_22' title='bbox 301 719 394 797; x_wconf 85' lang='lat' dir='ltr'><strong>proin</strong></span> <span class='ocrx_word' id='word_1_23' title='bbox 417 716 576 798; x_wconf 86' lang='lat' dir='ltr'><strong>publicatis</strong></span> <span class='ocrx_word' id='word_1_24' title='bbox 596 716 683 778; x_wconf 88' lang='lat' dir='ltr'><strong>bonis</strong></span> <span class='ocrx_word' id='word_1_25' title='bbox 707 715 829 776; x_wconf 87' lang='lat' dir='ltr'><strong>cederet</strong></span> <span class='ocrx_word' id='word_1_26' title='bbox 849 712 945 777; x_wconf 83' lang='lat' dir='ltr'><strong>ltalia.</strong></span> <span class='ocrx_word' id='word_1_27' title='bbox 1001 713 1048 772; x_wconf 89' lang='lat' dir='ltr'><strong>lta</strong></span> <span class='ocrx_word' id='word_1_28' title='bbox 1068 714 1220 794; x_wconf 86' lang='lat' dir='ltr'><strong>quiuqua-</strong></span> 
     </span>
     <span class='ocr_line' id='line_1_5' title="bbox 191 813 1221 904; baseline 0.003 -27"><span class='ocrx_word' id='word_1_29' title='bbox 191 821 253 900; x_wconf 81' lang='lat' dir='ltr'><strong>gies</strong></span> <span class='ocrx_word' id='word_1_30' title='bbox 268 827 441 884; x_wconf 84' lang='lat' dir='ltr'><strong>sestertium</strong></span> <span class='ocrx_word' id='word_1_31' title='bbox 462 845 496 884; x_wconf 87' lang='lat' dir='ltr'><strong>ex</strong></span> <span class='ocrx_word' id='word_1_32' title='bbox 514 813 635 904; x_wconf 88' lang='lat' dir='ltr'><strong>opibus</strong></span> <span class='ocrx_word' id='word_1_33' title='bbox 664 824 816 883; x_wconf 81' lang='lat' dir='ltr'>immensis</span> <span class='ocrx_word' id='word_1_34' title='bbox 846 821 937 882; x_wconf 83' lang='lat' dir='ltr'><strong>exsuli</strong></span> <span class='ocrx_word' id='word_1_35' title='bbox 973 819 1130 896; x_wconf 31' lang='lat' dir='ltr'><strong>relictum..</strong></span> <span class='ocrx_word' id='word_1_36' title='bbox 1181 820 1221 882; x_wconf 86' lang='lat' dir='ltr'><strong>Et</strong></span> 
     </span>
     <span class='ocr_line' id='line_1_6' title="bbox 152 923 1219 1010; baseline 0.002 -24"><span class='ocrx_word' id='word_1_37' title='bbox 152 923 348 1007; x_wconf 77' lang='lat' dir='ltr'><strong>5Calpurnia</strong></span> <span class='ocrx_word' id='word_1_38' title='bbox 369 926 493 988; x_wconf 86' lang='lat' dir='ltr'><strong>illustria</strong></span> <span class='ocrx_word' id='word_1_39' title='bbox 518 927 630 988; x_wconf 83' lang='lat' dir='ltr'><strong>femina</strong></span> <span class='ocrx_word' id='word_1_40' title='bbox 665 928 875 1010; x_wconf 84' lang='lat' dir='ltr'><strong>pervertitur,</strong></span> <span class='ocrx_word' id='word_1_41' title='bbox 902 928 973 1008; x_wconf 85' lang='lat' dir='ltr'><strong>quia</strong></span> <span class='ocrx_word' id='word_1_42' title='bbox 994 927 1124 986; x_wconf 84' lang='lat' dir='ltr'><strong>sormam</strong></span> <span class='ocrx_word' id='word_1_43' title='bbox 1154 927 1219 989; x_wconf 81' lang='lat' dir='ltr'><strong>eius</strong></span> 
     </span>
    </p>

    <p class='ocr_par' dir='ltr' id='par_1_3' title="bbox 186 1033 1243 1442">
     <span class='ocr_line' id='line_1_7' title="bbox 190 1033 1243 1130; baseline 0 -34"><span class='ocrx_word' id='word_1_44' title='bbox 190 1033 367 1098; x_wconf 79' lang='lat' dir='ltr'><strong>laudaverat</strong></span> <span class='ocrx_word' id='word_1_45' title='bbox 385 1039 549 1120; x_wconf 80' lang='lat' dir='ltr'><strong>prinecps,</strong></span> <span class='ocrx_word' id='word_1_46' title='bbox 571 1037 655 1130; x_wconf 70' lang='lat' dir='ltr'><strong>uullp</strong></span> <span class='ocrx_word' id='word_1_47' title='bbox 674 1037 802 1100; x_wconf 83' lang='lat' dir='ltr'><strong>libidine</strong></span> <span class='ocrx_word' id='word_1_48' title='bbox 824 1033 878 1096; x_wconf 88' lang='lat' dir='ltr'><strong>sed</strong></span> <span class='ocrx_word' id='word_1_49' title='bbox 904 1034 1033 1096; x_wconf 83' lang='lat' dir='ltr'><strong>fortuito</strong></span> <span class='ocrx_word' id='word_1_50' title='bbox 1058 1053 1219 1106; x_wconf 81' lang='lat' dir='ltr'><strong>sermone;</strong></span> <span class='ocrx_word' id='word_1_51' title='bbox 1240 1093 1243 1096; x_wconf 87' lang='lat'>.</span> 
     </span>
     <span class='ocr_line' id='line_1_8' title="bbox 186 1140 1219 1228; baseline -0.002 -26"><span class='ocrx_word' id='word_1_52' title='bbox 186 1143 269 1204; x_wconf 87' lang='lat' dir='ltr'><strong>unde</strong></span> <span class='ocrx_word' id='word_1_53' title='bbox 291 1145 337 1206; x_wconf 84' lang='lat' dir='ltr'><strong>vis</strong></span> <span class='ocrx_word' id='word_1_54' title='bbox 357 1145 545 1228; x_wconf 80' lang='lat' dir='ltr'><strong>Agrippinae</strong></span> <span class='ocrx_word' id='word_1_55' title='bbox 565 1149 639 1206; x_wconf 86' lang='lat' dir='ltr'><strong>citra</strong></span> <span class='ocrx_word' id='word_1_56' title='bbox 661 1145 767 1206; x_wconf 85' lang='lat' dir='ltr'><strong>ultima</strong></span> <span class='ocrx_word' id='word_1_57' title='bbox 783 1147 875 1206; x_wconf 82' lang='lat' dir='ltr'><strong>stetit.</strong></span> <span class='ocrx_word' id='word_1_58' title='bbox 919 1145 955 1204; x_wconf 88' lang='lat' dir='ltr'><strong>ln</strong></span> <span class='ocrx_word' id='word_1_59' title='bbox 977 1140 1107 1201; x_wconf 84' lang='lat' dir='ltr'><strong>Lolliam</strong></span> <span class='ocrx_word' id='word_1_60' title='bbox 1126 1142 1219 1201; x_wconf 87' lang='lat' dir='ltr'><strong>mitti-</strong></span> 
     </span>
     <span class='ocr_line' id='line_1_9' title="bbox 186 1250 1220 1333; baseline -0.002 -23"><span class='ocrx_word' id='word_1_61' title='bbox 186 1261 239 1312; x_wconf 87' lang='lat' dir='ltr'><strong>tur</strong></span> <span class='ocrx_word' id='word_1_62' title='bbox 260 1252 421 1332; x_wconf 79' lang='lat' dir='ltr'><strong>tribunus,</strong></span> <span class='ocrx_word' id='word_1_63' title='bbox 454 1275 473 1314; x_wconf 87' lang='lat' dir='ltr'><strong>a</strong></span> <span class='ocrx_word' id='word_1_64' title='bbox 500 1271 563 1333; x_wconf 82' lang='lat' dir='ltr'><strong>quo</strong></span> <span class='ocrx_word' id='word_1_65' title='bbox 593 1251 790 1322; x_wconf 60' lang='lat' dir='ltr'><strong>admortcm,</strong></span> <span class='ocrx_word' id='word_1_66' title='bbox 819 1251 1000 1332; x_wconf 79' lang='lat' dir='ltr'><strong>adigeretur,</strong></span> <span class='ocrx_word' id='word_1_67' title='bbox 1052 1250 1220 1309; x_wconf 77' lang='lat' dir='ltr'>Damnatus</span> 
     </span>
     <span class='ocr_line' id='line_1_10' title="bbox 187 1358 1218 1442; baseline -0.004 -22"><span class='ocrx_word' id='word_1_68' title='bbox 187 1369 217 1420; x_wconf 86' lang='lat' dir='ltr'><strong>ct</strong></span> <span class='ocrx_word' id='word_1_69' title='bbox 238 1360 303 1442; x_wconf 82' lang='lat' dir='ltr'><strong>lege</strong></span> <span class='ocrx_word' id='word_1_70' title='bbox 325 1359 564 1441; x_wconf 87' lang='lat' dir='ltr'><strong>repetundarum</strong></span> <span class='ocrx_word' id='word_1_71' title='bbox 584 1359 694 1420; x_wconf 86' lang='lat' dir='ltr'><strong>Cadius</strong></span> <span class='ocrx_word' id='word_1_72' title='bbox 717 1360 815 1418; x_wconf 80' lang='lat' dir='ltr'><strong>Rufus</strong></span> <span class='ocrx_word' id='word_1_73' title='bbox 843 1358 1050 1436; x_wconf 74' lang='lat' dir='ltr'><strong>accusantibus</strong></span> <span class='ocrx_word' id='word_1_74' title='bbox 1072 1358 1218 1440; x_wconf 76' lang='lat' dir='ltr'><strong>Bithynis.</strong></span> 
     </span>
    </p>

    <p class='ocr_par' dir='ltr' id='par_1_4' title="bbox 129 1445 1217 1652">
     <span class='ocr_line' id='line_1_11' title="bbox 129 1445 1217 1547; baseline -0.002 -21"><span class='ocrx_word' id='word_1_75' title='bbox 129 1445 303 1528; x_wconf 63' lang='lat' dir='ltr'><strong>Qssssaltiue</strong></span> <span class='ocrx_word' id='word_1_76' title='bbox 325 1467 519 1530; x_wconf 77' lang='lat' dir='ltr'><strong>Narbonensi</strong></span> <span class='ocrx_word' id='word_1_77' title='bbox 552 1467 593 1528; x_wconf 89' lang='lat' dir='ltr'><strong>ob</strong></span> <span class='ocrx_word' id='word_1_78' title='bbox 623 1467 772 1547; x_wconf 82' lang='lat' dir='ltr'><strong>egregiam</strong></span> <span class='ocrx_word' id='word_1_79' title='bbox 813 1465 844 1522; x_wconf 88' lang='lat' dir='ltr'><strong>in</strong></span> <span class='ocrx_word' id='word_1_80' title='bbox 877 1473 981 1542; x_wconf 84' lang='lat' dir='ltr'><strong>patres</strong></span> <span class='ocrx_word' id='word_1_81' title='bbox 1015 1464 1217 1524; x_wconf 84' lang='lat' dir='ltr'><strong>reverentiam</strong></span> 
     </span>
     <span class='ocr_line' id='line_1_12' title="bbox 184 1568 1216 1652; baseline -0.007 -20"><span class='ocrx_word' id='word_1_82' title='bbox 184 1572 309 1652; x_wconf 88' lang='lat' dir='ltr'><strong>datum,</strong></span> <span class='ocrx_word' id='word_1_83' title='bbox 331 1583 366 1635; x_wconf 82' lang='lat' dir='ltr'><strong>ut</strong></span> <span class='ocrx_word' id='word_1_84' title='bbox 388 1571 582 1634; x_wconf 83' lang='lat' dir='ltr'><strong>senatoribus</strong></span> <span class='ocrx_word' id='word_1_85' title='bbox 601 1574 665 1631; x_wconf 83' lang='lat' dir='ltr'><strong>cius</strong></span> <span class='ocrx_word' id='word_1_86' title='bbox 687 1569 862 1652; x_wconf 84' lang='lat' dir='ltr'><strong>provinciae</strong></span> <span class='ocrx_word' id='word_1_87' title='bbox 884 1589 944 1627; x_wconf 88' lang='lat' dir='ltr'><strong>uon</strong></span> <span class='ocrx_word' id='word_1_88' title='bbox 967 1568 1110 1648; x_wconf 82' lang='lat' dir='ltr'><strong>exquisita</strong></span> <span class='ocrx_word' id='word_1_89' title='bbox 1131 1572 1216 1649; x_wconf 83' lang='lat' dir='ltr'><strong>prin.</strong></span> 
     </span>
    </p>

    <p class='ocr_par' dir='ltr' id='par_1_5' title="bbox 144 1659 1216 1866">
     <span class='ocr_line' id='line_1_13' title="bbox 144 1659 1216 1762; baseline -0.002 -22"><span class='ocrx_word' id='word_1_90' title='bbox 144 1659 149 1672; x_wconf 83' lang='lat'><strong>.</strong></span> <span class='ocrx_word' id='word_1_91' title='bbox 182 1682 257 1762; x_wconf 83' lang='lat' dir='ltr'><strong>cipis</strong></span> <span class='ocrx_word' id='word_1_92' title='bbox 276 1684 438 1754; x_wconf 84' lang='lat' dir='ltr'><strong>sententia,</strong></span> <span class='ocrx_word' id='word_1_93' title='bbox 466 1683 534 1743; x_wconf 83' lang='lat' dir='ltr'><strong>iure</strong></span> <span class='ocrx_word' id='word_1_94' title='bbox 555 1702 616 1762; x_wconf 93' lang='lat' dir='ltr'><strong>quo</strong></span> <span class='ocrx_word' id='word_1_95' title='bbox 639 1679 742 1740; x_wconf 79' lang='lat' dir='ltr'><strong>Sicilia</strong></span> <span class='ocrx_word' id='word_1_96' title='bbox 755 1676 948 1758; x_wconf 78' lang='lat' dir='ltr'><strong>baberetur,</strong></span> <span class='ocrx_word' id='word_1_97' title='bbox 973 1697 1019 1734; x_wconf 88' lang='lat' dir='ltr'><strong>res</strong></span> <span class='ocrx_word' id='word_1_98' title='bbox 1041 1697 1121 1736; x_wconf 88' lang='lat' dir='ltr'><strong>suas·</strong></span> <span class='ocrx_word' id='word_1_99' title='bbox 1137 1679 1216 1738; x_wconf 74' lang='lat' dir='ltr'><strong>inv?-</strong></span> 
     </span>
     <span class='ocr_line' id='line_1_14' title="bbox 182 1781 1215 1866; baseline 0.002 -22"><span class='ocrx_word' id='word_1_100' title='bbox 182 1803 248 1844; x_wconf 78' lang='lat' dir='ltr'><strong>aarc</strong></span> <span class='ocrx_word' id='word_1_101' title='bbox 266 1781 396 1846; x_wconf 61' lang='lat' dir='ltr'><strong>liceret*</strong></span> <span class='ocrx_word' id='word_1_102' title='bbox 424 1785 595 1866; x_wconf 76' lang='lat' dir='ltr'><strong>Ituraeique</strong></span> <span class='ocrx_word' id='word_1_103' title='bbox 614 1795 643 1846; x_wconf 88' lang='lat' dir='ltr'><strong>et</strong></span> <span class='ocrx_word' id='word_1_104' title='bbox 664 1785 768 1846; x_wconf 85' lang='lat' dir='ltr'><strong>ludaei</strong></span> <span class='ocrx_word' id='word_1_105' title='bbox 788 1783 937 1844; x_wconf 81' lang='lat' dir='ltr'><strong>defunctis</strong></span> <span class='ocrx_word' id='word_1_106' title='bbox 960 1784 1081 1862; x_wconf 75' lang='lat' dir='ltr'><strong>regibus</strong></span> <span class='ocrx_word' id='word_1_107' title='bbox 1103 1784 1215 1846; x_wconf 84' lang='lat' dir='ltr'><strong>Sohae-</strong></span> 
     </span>
    </p>

    <p class='ocr_par' dir='ltr' id='par_1_6' title="bbox 114 1893 1215 1978">
     <span class='ocr_line' id='line_1_15' title="bbox 114 1893 1215 1978; baseline 0.004 -26"><span class='ocrx_word' id='word_1_108' title='bbox 114 1945 115 1952; x_wconf 72' lang='grc'>,</span> <span class='ocrx_word' id='word_1_109' title='bbox 183 1913 236 1953; x_wconf 89' lang='lat' dir='ltr'><strong>mo</strong></span> <span class='ocrx_word' id='word_1_110' title='bbox 262 1903 355 1976; x_wconf 89' lang='lat' dir='ltr'><strong>atque</strong></span> <span class='ocrx_word' id='word_1_111' title='bbox 378 1893 517 1978; x_wconf 79' lang='lat' dir='ltr'><strong>Agrippa</strong></span> <span class='ocrx_word' id='word_1_112' title='bbox 548 1895 726 1976; x_wconf 86' lang='lat' dir='ltr'><strong>provinciae</strong></span> <span class='ocrx_word' id='word_1_113' title='bbox 745 1896 852 1956; x_wconf 86' lang='lat' dir='ltr'><strong>Suriae</strong></span> <span class='ocrx_word' id='word_1_114' title='bbox 874 1893 982 1954; x_wconf 86' lang='lat' dir='ltr'><strong>additi.</strong></span> <span class='ocrx_word' id='word_1_115' title='bbox 1033 1893 1143 1954; x_wconf 86' lang='lat' dir='ltr'><strong>Salutis</strong></span> <span class='ocrx_word' id='word_1_116' title='bbox 1162 1915 1215 1956; x_wconf 81' lang='lat' dir='ltr'><strong>au-</strong></span> 
     </span>
    </p>

    <p class='ocr_par' dir='ltr' id='par_1_7' title="bbox 127 1991 1214 2082">
     <span class='ocr_line' id='line_1_16' title="bbox 127 1991 1214 2082; baseline 0.001 -22"><span class='ocrx_word' id='word_1_117' title='bbox 127 1991 164 2053; x_wconf 79' lang='lat'><strong>15</strong></span> <span class='ocrx_word' id='word_1_118' title='bbox 183 2000 305 2081; x_wconf 79' lang='lat' dir='ltr'><strong>gurium</strong></span> <span class='ocrx_word' id='word_1_119' title='bbox 327 2001 461 2082; x_wconf 87' lang='lat' dir='ltr'><strong>quinque</strong></span> <span class='ocrx_word' id='word_1_120' title='bbox 483 2012 513 2061; x_wconf 91' lang='lat' dir='ltr'><strong>et</strong></span> <span class='ocrx_word' id='word_1_121' title='bbox 535 2001 642 2082; x_wconf 85' lang='lat' dir='ltr'><strong>viginti</strong></span> <span class='ocrx_word' id='word_1_122' title='bbox 663 2000 751 2062; x_wconf 86' lang='lat' dir='ltr'><strong>annis</strong></span> <span class='ocrx_word' id='word_1_123' title='bbox 765 2003 906 2060; x_wconf 88' lang='lat' dir='ltr'><strong>omissum</strong></span> <span class='ocrx_word' id='word_1_124' title='bbox 930 2000 1022 2079; x_wconf 83' lang='lat' dir='ltr'><strong>repeti</strong></span> <span class='ocrx_word' id='word_1_125' title='bbox 1045 2020 1079 2058; x_wconf 84' lang='lat' dir='ltr'><strong>ac</strong></span> <span class='ocrx_word' id='word_1_126' title='bbox 1105 1999 1214 2060; x_wconf 83' lang='lat' dir='ltr'><strong>deinde</strong></span> 
     </span>
    </p>

    <p class='ocr_par' dir='ltr' id='par_1_8' title="bbox 110 2093 1213 2298">
     <span class='ocr_line' id='line_1_17' title="bbox 110 2107 1213 2192; baseline 0.002 -26"><span class='ocrx_word' id='word_1_127' title='bbox 110 2113 130 2175; x_wconf 62' lang='grc' dir='ltr'>ᾗ</span> <span class='ocrx_word' id='word_1_128' title='bbox 180 2107 353 2168; x_wconf 83' lang='lat' dir='ltr'><strong>continuari</strong></span> <span class='ocrx_word' id='word_1_129' title='bbox 375 2107 533 2189; x_wconf 87' lang='lat' dir='ltr'><strong>placitum.</strong></span> <span class='ocrx_word' id='word_1_130' title='bbox 587 2110 630 2170; x_wconf 87' lang='lat' dir='ltr'><strong>Et</strong></span> <span class='ocrx_word' id='word_1_131' title='bbox 670 2111 841 2192; x_wconf 89' lang='lat' dir='ltr'><strong>pomerium</strong></span> <span class='ocrx_word' id='word_1_132' title='bbox 868 2108 950 2168; x_wconf 85' lang='lat' dir='ltr'><strong>urbis</strong></span> <span class='ocrx_word' id='word_1_133' title='bbox 978 2109 1059 2166; x_wconf 86' lang='lat' dir='ltr'><strong>auxit</strong></span> <span class='ocrx_word' id='word_1_134' title='bbox 1080 2110 1213 2183; x_wconf 67' lang='lat' dir='ltr'><strong>Cacsar,</strong></span> 
     </span>
     <span class='ocr_line' id='line_1_18' title="bbox 178 2215 1212 2298; baseline 0.003 -25"><span class='ocrx_word' id='word_1_135' title='bbox 178 2233 266 2274; x_wconf 87' lang='lat' dir='ltr'><strong>more</strong></span> <span class='ocrx_word' id='word_1_136' title='bbox 289 2215 412 2296; x_wconf 88' lang='lat' dir='ltr'><strong>prisco,</strong></span> <span class='ocrx_word' id='word_1_137' title='bbox 430 2237 492 2298; x_wconf 89' lang='lat' dir='ltr'><strong>quo</strong></span> <span class='ocrx_word' id='word_1_138' title='bbox 519 2217 557 2278; x_wconf 85' lang='lat' dir='ltr'><strong>iis</strong></span> <span class='ocrx_word' id='word_1_139' title='bbox 587 2217 638 2298; x_wconf 88' lang='lat' dir='ltr'><strong>qui</strong></span> <span class='ocrx_word' id='word_1_140' title='bbox 667 2215 824 2298; x_wconf 78' lang='lat' dir='ltr'><strong>protulere</strong></span> <span class='ocrx_word' id='word_1_141' title='bbox 846 2215 1008 2298; x_wconf 80' lang='lat' dir='ltr'><strong>imperium</strong></span> <span class='ocrx_word' id='word_1_142' title='bbox 1030 2215 1121 2274; x_wconf 84' lang='lat' dir='ltr'><strong>etiam</strong></span> <span class='ocrx_word' id='word_1_143' title='bbox 1152 2229 1212 2276; x_wconf 86' lang='lat' dir='ltr'><strong>ter-</strong></span> 
     </span>
    </p>

    <p class='ocr_par' dir='ltr' id='par_1_9' title="bbox 108 2321 1290 2513">
     <span class='ocr_line' id='line_1_19' title="bbox 108 2321 1211 2405; baseline 0 -24"><span class='ocrx_word' id='word_1_144' title='bbox 108 2377 111 2381; x_wconf 89' lang='lat'>.</span> <span class='ocrx_word' id='word_1_145' title='bbox 180 2321 281 2382; x_wconf 83' lang='lat' dir='ltr'><strong>minos</strong></span> <span class='ocrx_word' id='word_1_146' title='bbox 301 2321 387 2383; x_wconf 82' lang='lat' dir='ltr'><strong>urbis</strong></span> <span class='ocrx_word' id='word_1_147' title='bbox 408 2343 577 2405; x_wconf 80' lang='lat' dir='ltr'><strong>propagare</strong></span> <span class='ocrx_word' id='word_1_148' title='bbox 598 2323 700 2384; x_wconf 72' lang='lat' dir='ltr'><strong>datur.</strong></span> <span class='ocrx_word' id='word_1_149' title='bbox 745 2323 809 2384; x_wconf 90' lang='lat' dir='ltr'><strong>Nec</strong></span> <span class='ocrx_word' id='word_1_150' title='bbox 833 2333 934 2384; x_wconf 85' lang='lat' dir='ltr'><strong>tamea</strong></span> <span class='ocrx_word' id='word_1_151' title='bbox 959 2322 1050 2384; x_wconf 88' lang='lat' dir='ltr'><strong>duces</strong></span> <span class='ocrx_word' id='word_1_152' title='bbox 1071 2323 1211 2398; x_wconf 78' lang='lat' dir='ltr'><strong>Romani,</strong></span> 
     </span>
     <span class='ocr_line' id='line_1_20' title="bbox 178 2425 1290 2513; baseline 0.004 -25"><span class='ocrx_word' id='word_1_153' title='bbox 178 2449 351 2510; x_wconf 77' lang='lat' dir='ltr'><strong>quanquam</strong></span> <span class='ocrx_word' id='word_1_154' title='bbox 372 2432 489 2513; x_wconf 80' lang='lat' dir='ltr'><strong>magnis</strong></span> <span class='ocrx_word' id='word_1_155' title='bbox 509 2429 685 2492; x_wconf 85' lang='lat' dir='ltr'><strong>nationibus</strong></span> <span class='ocrx_word' id='word_1_156' title='bbox 705 2430 854 2508; x_wconf 77' lang='lat' dir='ltr'><strong>subactis,</strong></span> <span class='ocrx_word' id='word_1_157' title='bbox 886 2439 1126 2512; x_wconf 79' lang='lat' dir='ltr'><strong>usurpaverant,</strong></span> <span class='ocrx_word' id='word_1_158' title='bbox 1154 2431 1211 2492; x_wconf 76' lang='lat' dir='ltr'><strong>alsi</strong></span> <span class='ocrx_word' id='word_1_159' title='bbox 1289 2425 1290 2428; x_wconf 26' lang='lat'>¹</span> 
     </span>
    </p>

    <p class='ocr_par' dir='ltr' id='par_1_10' title="bbox 119 2523 1268 3059">
     <span class='ocr_line' id='line_1_21' title="bbox 119 2523 1212 2619; baseline 0.005 -26"><span class='ocrx_word' id='word_1_160' title='bbox 119 2523 300 2606; x_wconf 60' lang='lat' dir='ltr'><strong>deucius¹</strong></span> <span class='ocrx_word' id='word_1_161' title='bbox 310 2533 394 2596; x_wconf 85' lang='lat' dir='ltr'><strong>Sulla</strong></span> <span class='ocrx_word' id='word_1_162' title='bbox 421 2547 451 2598; x_wconf 79' lang='lat' dir='ltr'><strong>et</strong></span> <span class='ocrx_word' id='word_1_163' title='bbox 476 2537 565 2600; x_wconf 81' lang='lat' dir='ltr'><strong>divus</strong></span> <span class='ocrx_word' id='word_1_164' title='bbox 596 2537 763 2619; x_wconf 81' lang='lat' dir='ltr'><strong>Augustus.</strong></span> <span class='ocrx_word' id='word_1_165' title='bbox 819 2537 934 2618; x_wconf 83' lang='lat' dir='ltr'><strong>Regum</strong></span> <span class='ocrx_word' id='word_1_166' title='bbox 958 2540 991 2598; x_wconf 87' lang='lat' dir='ltr'><strong>in</strong></span> <span class='ocrx_word' id='word_1_167' title='bbox 1019 2559 1054 2598; x_wconf 91' lang='lat' dir='ltr'><strong>eo</strong></span> <span class='ocrx_word' id='word_1_168' title='bbox 1086 2539 1212 2598; x_wconf 87' lang='lat' dir='ltr'><strong>ambitio</strong></span> 
     </span>
     <span class='ocr_line' id='line_1_22' title="bbox 178 2625 1210 2726; baseline 0.007 -27"><span class='ocrx_word' id='word_1_169' title='bbox 178 2640 227 2700; x_wconf 85' lang='lat' dir='ltr'><strong>val</strong></span> <span class='ocrx_word' id='word_1_170' title='bbox 249 2640 347 2724; x_wconf 78' lang='lat' dir='ltr'><strong>gloria</strong></span> <span class='ocrx_word' id='word_1_171' title='bbox 367 2642 451 2704; x_wconf 82' lang='lat' dir='ltr'><strong>varic</strong></span> <span class='ocrx_word' id='word_1_172' title='bbox 469 2642 604 2726; x_wconf 80' lang='lat' dir='ltr'><strong>vulgata.</strong></span> <span class='ocrx_word' id='word_1_173' title='bbox 647 2642 709 2704; x_wconf 86' lang='lat' dir='ltr'><strong>Sed</strong></span> <span class='ocrx_word' id='word_1_174' title='bbox 729 2625 850 2702; x_wconf 80' lang='lat' dir='ltr'><strong>iditiom</strong></span> <span class='ocrx_word' id='word_1_175' title='bbox 869 2642 1043 2720; x_wconf 84' lang='lat' dir='ltr'><strong>condendi,</strong></span> <span class='ocrx_word' id='word_1_176' title='bbox 1077 2655 1107 2705; x_wconf 89' lang='lat' dir='ltr'><strong>et</strong></span> <span class='ocrx_word' id='word_1_177' title='bbox 1128 2646 1210 2726; x_wconf 88' lang='lat' dir='ltr'><strong>quod</strong></span> 
     </span>
     <span class='ocr_line' id='line_1_23' title="bbox 177 2748 1209 2830; baseline 0.006 -22"><span class='ocrx_word' id='word_1_178' title='bbox 177 2748 346 2830; x_wconf 84' lang='lat' dir='ltr'><strong>pomerium</strong></span> <span class='ocrx_word' id='word_1_179' title='bbox 366 2749 515 2810; x_wconf 83' lang='lat' dir='ltr'><strong>Romulus</strong></span> <span class='ocrx_word' id='word_1_180' title='bbox 536 2753 686 2830; x_wconf 86' lang='lat' dir='ltr'><strong>posuerit,</strong></span> <span class='ocrx_word' id='word_1_181' title='bbox 710 2770 833 2810; x_wconf 84' lang='lat' dir='ltr'><strong>noscere</strong></span> <span class='ocrx_word' id='word_1_182' title='bbox 861 2750 942 2810; x_wconf 89' lang='lat' dir='ltr'><strong>haud</strong></span> <span class='ocrx_word' id='word_1_183' title='bbox 965 2750 1128 2812; x_wconf 85' lang='lat' dir='ltr'><strong>absurdum</strong></span> <span class='ocrx_word' id='word_1_184' title='bbox 1159 2777 1209 2814; x_wconf 88' lang='lat' dir='ltr'><strong>rc·</strong></span> 
     </span>
     <span class='ocr_line' id='line_1_24' title="bbox 177 2856 1208 2940; baseline 0.008 -26"><span class='ocrx_word' id='word_1_185' title='bbox 177 2877 222 2918; x_wconf 84' lang='lat' dir='ltr'><strong>or.</strong></span> <span class='ocrx_word' id='word_1_186' title='bbox 265 2857 363 2939; x_wconf 84' lang='lat' dir='ltr'><strong>lgitur</strong></span> <span class='ocrx_word' id='word_1_187' title='bbox 382 2880 400 2917; x_wconf 89' lang='lat' dir='ltr'><strong>a</strong></span> <span class='ocrx_word' id='word_1_188' title='bbox 418 2857 490 2918; x_wconf 84' lang='lat' dir='ltr'><strong>foro</strong></span> <span class='ocrx_word' id='word_1_189' title='bbox 510 2858 636 2940; x_wconf 79' lang='lat' dir='ltr'><strong>boario,</strong></span> <span class='ocrx_word' id='word_1_190' title='bbox 666 2856 719 2916; x_wconf 91' lang='lat' dir='ltr'><strong>ubi</strong></span> <span class='ocrx_word' id='word_1_191' title='bbox 748 2879 871 2918; x_wconf 84' lang='lat' dir='ltr'><strong>aereum</strong></span> <span class='ocrx_word' id='word_1_192' title='bbox 903 2861 985 2920; x_wconf 87' lang='lat' dir='ltr'><strong>tauri</strong></span> <span class='ocrx_word' id='word_1_193' title='bbox 1014 2857 1208 2922; x_wconf 79' lang='lat' dir='ltr'><strong>simulacrum</strong></span> 
     </span>
     <span class='ocr_line' id='line_1_25' title="bbox 177 2961 1268 3059; baseline 0.005 -37"><span class='ocrx_word' id='word_1_194' title='bbox 177 2965 353 3044; x_wconf 79' lang='lat' dir='ltr'><strong>aspicimus,</strong></span> <span class='ocrx_word' id='word_1_195' title='bbox 376 2965 448 3044; x_wconf 89' lang='lat' dir='ltr'><strong>quia</strong></span> <span class='ocrx_word' id='word_1_196' title='bbox 470 2961 502 3024; x_wconf 92' lang='lat' dir='ltr'><strong>id</strong></span> <span class='ocrx_word' id='word_1_197' title='bbox 528 2985 623 3046; x_wconf 79' lang='lat' dir='ltr'><strong>genus</strong></span> <span class='ocrx_word' id='word_1_198' title='bbox 644 2963 820 3026; x_wconf 87' lang='lat' dir='ltr'><strong>animalium</strong></span> <span class='ocrx_word' id='word_1_199' title='bbox 842 2976 942 3028; x_wconf 86' lang='lat' dir='ltr'><strong>aratro</strong></span> <span class='ocrx_word' id='word_1_200' title='bbox 966 2967 1124 3052; x_wconf 76' lang='lat' dir='ltr'><strong>subditur,</strong></span> <span class='ocrx_word' id='word_1_201' title='bbox 1146 2968 1208 3030; x_wconf 89' lang='lat' dir='ltr'><strong>sul·</strong></span> <span class='ocrx_word' id='word_1_202' title='bbox 1264 3046 1268 3059; x_wconf 34' lang='grc' dir='ltr'>Ι</span> 
     </span>
    </p>

    <p class='ocr_par' dir='ltr' id='par_1_11' title="bbox 118 3059 1251 3267">
     <span class='ocr_line' id='line_1_26' title="bbox 118 3059 1207 3156; baseline 0.004 -22"><span class='ocrx_word' id='word_1_203' title='bbox 118 3059 426 3152; x_wconf 15' lang='lat' dir='ltr'><strong>25011s5desig&#39;nandi</strong></span> <span class='ocrx_word' id='word_1_204' title='bbox 445 3073 546 3155; x_wconf 91' lang='lat' dir='ltr'><strong>oppidi</strong></span> <span class='ocrx_word' id='word_1_205' title='bbox 566 3067 701 3154; x_wconf 58' lang='lat' dir='ltr'><strong>coeptusj</strong></span> <span class='ocrx_word' id='word_1_206' title='bbox 723 3085 755 3134; x_wconf 87' lang='lat' dir='ltr'><strong>ut</strong></span> <span class='ocrx_word' id='word_1_207' title='bbox 785 3095 925 3156; x_wconf 83' lang='lat' dir='ltr'><strong>magnam</strong></span> <span class='ocrx_word' id='word_1_208' title='bbox 950 3076 1091 3137; x_wconf 87' lang='lat' dir='ltr'><strong>Herculis</strong></span> <span class='ocrx_word' id='word_1_209' title='bbox 1124 3079 1207 3138; x_wconf 82' lang='lat' dir='ltr'><strong>aram</strong></span> 
     </span>
     <span class='ocr_line' id='line_1_27' title="bbox 175 3175 1251 3267; baseline 0.015 -32"><span class='ocrx_word' id='word_1_210' title='bbox 175 3175 421 3258; x_wconf 78' lang='lat' dir='ltr'><strong>amplecteretur.</strong></span> <span class='ocrx_word' id='word_1_211' title='bbox 464 3183 539 3243; x_wconf 87' lang='lat' dir='ltr'><strong>lndc</strong></span> <span class='ocrx_word' id='word_1_212' title='bbox 558 3183 769 3264; x_wconf 81' lang='lat' dir='ltr'><strong>certisspatiis</strong></span> <span class='ocrx_word' id='word_1_213' title='bbox 800 3184 951 3246; x_wconf 85' lang='lat' dir='ltr'><strong>interiecti</strong></span> <span class='ocrx_word' id='word_1_214' title='bbox 984 3185 1115 3266; x_wconf 81' lang='lat' dir='ltr'><strong>lapides,</strong></span> <span class='ocrx_word' id='word_1_215' title='bbox 1150 3210 1207 3267; x_wconf 87' lang='lat' dir='ltr'><strong>per</strong></span> <span class='ocrx_word' id='word_1_216' title='bbox 1245 3231 1251 3251; x_wconf 58' lang='lat'>1</span> 
     </span>
    </p>
   </div>
   <div class='ocr_carea' id='block_1_3' title="bbox 174 3287 1296 3480">
    <p class='ocr_par' dir='ltr' id='par_1_12' title="bbox 174 3287 1296 3480">
     <span class='ocr_line' id='line_1_28' title="bbox 176 3287 1244 3367; baseline 0.013 -23"><span class='ocrx_word' id='word_1_217' title='bbox 176 3287 235 3344; x_wconf 87' lang='lat' dir='ltr'><strong>ima</strong></span> <span class='ocrx_word' id='word_1_218' title='bbox 257 3291 367 3348; x_wconf 87' lang='lat' dir='ltr'><strong>montis</strong></span> <span class='ocrx_word' id='word_1_219' title='bbox 385 3287 496 3348; x_wconf 86' lang='lat' dir='ltr'><strong>Palatii</strong></span> <span class='ocrx_word' id='word_1_220' title='bbox 518 3289 556 3349; x_wconf 87' lang='lat' dir='ltr'><strong>ad</strong></span> <span class='ocrx_word' id='word_1_221' title='bbox 575 3311 659 3350; x_wconf 86' lang='lat' dir='ltr'><strong>aram</strong></span> <span class='ocrx_word' id='word_1_222' title='bbox 674 3291 784 3365; x_wconf 45' lang='lat' dir='ltr'><strong>Consi,</strong></span> <span class='ocrx_word' id='word_1_223' title='bbox 807 3313 877 3352; x_wconf 89' lang='lat' dir='ltr'><strong>mox</strong></span> <span class='ocrx_word' id='word_1_224' title='bbox 898 3293 935 3352; x_wconf 89' lang='lat' dir='ltr'><strong>ad</strong></span> <span class='ocrx_word' id='word_1_225' title='bbox 955 3294 1054 3354; x_wconf 87' lang='lat' dir='ltr'><strong>curias</strong></span> <span class='ocrx_word' id='word_1_226' title='bbox 1075 3304 1204 3367; x_wconf 82' lang='lat' dir='ltr'><strong>veteres,</strong></span> <span class='ocrx_word' id='word_1_227' title='bbox 1241 3289 1244 3301; x_wconf 58' lang='lat'><strong>¹</strong></span> 
     </span>
     <span class='ocr_line' id='line_1_29' title="bbox 174 3365 1296 3480; baseline 0.005 -28"><span class='ocrx_word' id='word_1_228' title='bbox 174 3403 240 3453; x_wconf 85' lang='lat' dir='ltr'><strong>tum</strong></span> <span class='ocrx_word' id='word_1_229' title='bbox 262 3393 300 3453; x_wconf 91' lang='lat' dir='ltr'><strong>ad</strong></span> <span class='ocrx_word' id='word_1_230' title='bbox 311 3392 455 3456; x_wconf 86' lang='lat' dir='ltr'><strong>sacellum</strong></span> <span class='ocrx_word' id='word_1_231' title='bbox 470 3375 592 3468; x_wconf 29' lang='lat' dir='ltr'><strong>La&#39;lum3</strong></span> <span class='ocrx_word' id='word_1_232' title='bbox 614 3394 776 3480; x_wconf 83' lang='lat' dir='ltr'><strong>lorumque</strong></span> <span class='ocrx_word' id='word_1_233' title='bbox 794 3399 964 3460; x_wconf 85' lang='lat' dir='ltr'><strong>Romanum</strong></span> <span class='ocrx_word' id='word_1_234' title='bbox 980 3408 1010 3458; x_wconf 85' lang='lat' dir='ltr'><strong>et</strong></span> <span class='ocrx_word' id='word_1_235' title='bbox 1024 3399 1205 3480; x_wconf 81' lang='lat' dir='ltr'><strong>Capitolium</strong></span> <span class='ocrx_word' id='word_1_236' title='bbox 1247 3428 1249 3434; x_wconf 36' lang='lat' dir='ltr'><strong>r</strong></span> <span class='ocrx_word' id='word_1_237' title='bbox 1276 3365 1296 3458; x_wconf 51' lang='lat' dir='ltr'><strong>l.</strong></span> 
     </span>
    </p>
   </div>
   <div class='ocr_carea' id='block_1_4' title="bbox 171 3648 1204 3900">
    <p class='ocr_par' dir='ltr' id='par_1_13' title="bbox 171 3648 1204 3900">
     <span class='ocr_line' id='line_1_30' title="bbox 259 3648 1161 3731; baseline 0.017 -33"><span class='ocrx_word' id='word_1_238' title='bbox 259 3665 285 3716; x_wconf 81' lang='lat'><strong>7.</strong></span> <span class='ocrx_word' id='word_1_239' title='bbox 301 3648 356 3726; x_wconf 74' lang='lat' dir='ltr'><strong>vis}</strong></span> <span class='ocrx_word' id='word_1_240' title='bbox 374 3653 435 3702; x_wconf 78' lang='lat' dir='ltr'><strong>im</strong></span> <span class='ocrx_word' id='word_1_241' title='bbox 454 3651 522 3720; x_wconf 79' lang='lat' dir='ltr'><strong>(sive</strong></span> <span class='ocrx_word' id='word_1_242' title='bbox 540 3653 612 3714; x_wconf 73' lang='lat' dir='ltr'><strong>ivae)</strong></span> <span class='ocrx_word' id='word_1_243' title='bbox 631 3652 681 3704; x_wconf 79' lang='lat' dir='ltr'><strong>Ma,</strong></span> <span class='ocrx_word' id='word_1_244' title='bbox 702 3655 773 3706; x_wconf 86' lang='lat' dir='ltr'><strong>idem</strong></span> <span class='ocrx_word' id='word_1_245' title='bbox 804 3670 842 3708; x_wconf 85' lang='grc' dir='ltr'><strong>ιο.</strong></span> <span class='ocrx_word' id='word_1_246' title='bbox 863 3657 1051 3712; x_wconf 69' lang='lat' dir='ltr'><strong>narbonensis</strong></span> <span class='ocrx_word' id='word_1_247' title='bbox 1158 3727 1161 3731; x_wconf 22' lang='grc' dir='ltr'>ι</span> 
     </span>
     <span class='ocr_line' id='line_1_31' title="bbox 185 3743 1204 3824; baseline 0.027 -35"><span class='ocrx_word' id='word_1_248' title='bbox 185 3752 188 3756; x_wconf 95' lang='grc'><strong><em>·</em></strong></span> <span class='ocrx_word' id='word_1_249' title='bbox 245 3745 284 3796; x_wconf 75' lang='lat'><strong>13.</strong></span> <span class='ocrx_word' id='word_1_250' title='bbox 301 3743 411 3796; x_wconf 76' lang='lat' dir='ltr'><strong>soliemo</strong></span> <span class='ocrx_word' id='word_1_251' title='bbox 431 3745 490 3810; x_wconf 63' lang='lat' dir='ltr'><strong>tv,</strong></span> <span class='ocrx_word' id='word_1_252' title='bbox 509 3755 537 3799; x_wconf 84' lang='lat' dir='ltr'><strong>ct</strong></span> <span class='ocrx_word' id='word_1_253' title='bbox 558 3747 635 3810; x_wconf 82' lang='lat' dir='ltr'><strong>Xlll,</strong></span> <span class='ocrx_word' id='word_1_254' title='bbox 659 3765 682 3818; x_wconf 56' lang='grc' dir='ltr'><strong>ῃ.</strong></span> <span class='ocrx_word' id='word_1_255' title='bbox 700 3749 842 3814; x_wconf 66' lang='lat' dir='ltr'><strong>rotomo,</strong></span> <span class='ocrx_word' id='word_1_256' title='bbox 862 3751 893 3801; x_wconf 87' lang='lat' dir='ltr'><strong>tl.</strong></span> <span class='ocrx_word' id='word_1_257' title='bbox 913 3753 953 3812; x_wconf 86' lang='lat'><strong>11,</strong></span> <span class='ocrx_word' id='word_1_258' title='bbox 973 3757 1015 3810; x_wconf 78' lang='grc' dir='ltr'><strong>θι.</strong></span> <span class='ocrx_word' id='word_1_259' title='bbox 1043 3754 1204 3824; x_wconf 71' lang='lat' dir='ltr'><strong>calcemus,</strong></span> 
     </span>
     <span class='ocr_line' id='line_1_32' title="bbox 171 3835 397 3900; baseline -0.004 -13"><span class='ocrx_word' id='word_1_260' title='bbox 171 3835 211 3900; x_wconf 72' lang='lat' dir='ltr'><strong>V,</strong></span> <span class='ocrx_word' id='word_1_261' title='bbox 231 3855 252 3893; x_wconf 84' lang='grc' dir='ltr'><strong>ι.</strong></span> <span class='ocrx_word' id='word_1_262' title='bbox 267 3835 397 3888; x_wconf 73' lang='lat' dir='ltr'><strong>sodomus.</strong></span> 
     </span>
    </p>
   </div>
   <div class='ocr_carea' id='block_1_5' title="bbox 201 3923 1130 4010">
    <p class='ocr_par' dir='ltr' id='par_1_14' title="bbox 201 3923 1130 4010">
     <span class='ocr_line' id='line_1_33' title="bbox 201 3923 1130 4010; baseline 0.017 -25"><span class='ocrx_word' id='word_1_263' title='bbox 201 3960 204 3966; x_wconf 42' lang='lat' dir='ltr'>v</span> <span class='ocrx_word' id='word_1_264' title='bbox 240 3946 281 3986; x_wconf 68' lang='lat' dir='ltr'><strong>ao.</strong></span> <span class='ocrx_word' id='word_1_265' title='bbox 299 3931 366 3986; x_wconf 75' lang='lat' dir='ltr'><strong>ailla</strong></span> <span class='ocrx_word' id='word_1_266' title='bbox 386 3932 429 3986; x_wconf 72' lang='lat' dir='ltr'><strong>M·</strong></span> <span class='ocrx_word' id='word_1_267' title='bbox 455 3932 502 3987; x_wconf 88' lang='lat' dir='ltr'><strong>hic</strong></span> <span class='ocrx_word' id='word_1_268' title='bbox 517 3944 545 3987; x_wconf 86' lang='lat' dir='ltr'><strong>at</strong></span> <span class='ocrx_word' id='word_1_269' title='bbox 568 3954 589 3990; x_wconf 87' lang='lat' dir='ltr'><strong>c.</strong></span> <span class='ocrx_word' id='word_1_270' title='bbox 610 3923 650 3990; x_wconf 69' lang='lat' dir='ltr'><strong>ba.</strong></span> <span class='ocrx_word' id='word_1_271' title='bbox 671 3938 743 3992; x_wconf 85' lang='lat' dir='ltr'><strong>idem</strong></span> <span class='ocrx_word' id='word_1_272' title='bbox 763 3958 803 4010; x_wconf 81' lang='lat'><strong>²7·</strong></span> <span class='ocrx_word' id='word_1_273' title='bbox 824 3943 1130 4004; x_wconf 56' lang='lat' dir='ltr'><strong>consummaremur.</strong></span> 
     </span>
    </p>
   </div>
   <div class='ocr_carea' id='block_1_6' title="bbox 0 0 1454 4724">
    <p class='ocr_par' dir='ltr' id='par_1_15' title="bbox 0 0 1454 4724">
     <span class='ocr_line' id='line_1_34' title="bbox 0 0 1454 4724; baseline 0 6"><span class='ocrx_word' id='word_1_274' title='bbox 0 0 1454 4724; x_wconf 95' lang='lat' dir='ltr'><strong> </strong></span> 
     </span>
    </p>
   </div>
  </div>
 </body>
</html>
