2900 4724
288 289 348 352 379
693 281 914 344 ANNALlUM
1062 329 1065 340 ,
1148 304 1152 309 ’

1293 398 1297 407 “
1431 389 1432 446 l

138 465 167 524 l·
187 463 417 544 G.·⁵8.)Romaua
431 465 546 523 *ambos
567 463 709 532 donavit,
731 462 841 520 Frisios
862 459 1008 520 decedere
1030 463 1110 541 egris
1129 465 1221 520 iussit.
1254 464 1308 523 Ae-

286 591 344 650 que
366 569 423 629 illis
434 569 665 650 aspernantibus
678 567 830 626 auxiliaris
845 589 934 649 eques
951 581 1075 650 repente
1088 573 1236 639 immissus
1258 593 1306 630 ue·

285 680 451 738 cessitatem
488 674 608 752 attulit,
642 676 739 754 captis
768 675 895 738 caesisve
923 678 988 757 qui·
1009 677 1193 757 pervicacius
1223 681 1305 736 resti·

284 793 393 850 terant.
771 770 774 777 ,

365 888 492 950 Eosdem
527 909 613 967 agros
639 887 821 967 Ampsivarii
843 907 1040 968 occupavere„
1075 889 1203 950 validior
1237 896 1358 974 gens55

172 1003 189 1042 .·
283 1016 343 1056 nou
362 997 456 1054 murlo
477 1015 529 1054 sua
551 993 714 1075 copie,sed
736 995 938 1056 adiacentium
958 996 1140 1075 populorum
1163 1000 1304 1058 miserati·

282 1125 339 1163 oue
354 1147 363 1179 ,
378 1105 454 1182 ·quia
479 1101 555 1184 pulsi
579 1125 596 1161 a
619 1093 750 1162 Chaucis
770 1112 801 1162 et
820 1105 907 1162 sedis·
931 1107 1032 1182 inopes
1052 1114 1153 1164 tutum
1174 1104 1304 1164 exsilium

185 1215 191 1224 “
280 1209 422 1268 erubunt.
465 1208 639 1290 Aderatque
669 1211 705 1268 iis
734 1208 915 1289 clarus=per
937 1210 1002 1270 illes
1027 1221 1129 1292 gentes
1161 1221 1191 1268 et
1219 1213 1303 1272 uobis

279 1335 399 1402 quoque
429 1316 525 1390 fidus,
559 1295 679 1377 numine
715 1314 886 1390 Boiocalus,
922 1316 1058 1376 vinctum
1084 1338 1116 1378 se
1144 1318 1303 1380 rebellione
1352 1318 1357 1334 ’

278 1424 433 1485 Cherusca
455 1421 536 1482 iussu
559 1421 692 1482 Arm-inii
716 1423 873 1493 referens,
894 1444 962 1485 mou¹
983 1422 1105 1482 Tiberio
1126 1432 1157 1482 et
1178 1426 1301 1486 Germa·
1325 1453 1356 1491 ιο

277 1531 347 1592 nico
366 1529 493 1590 ducibus
513 1529 663 1609 stipendia
689 1529 842 1594 meruisse.
863 1530 903 1590 Et
922 1517 1137 1611 quinquaginta
1157 1553 1303 1592 annorum

276 1637 420 1719 obsequio
442 1635 471 1694 id
491 1654 611 1714 quoquc
631 1632 813 1716 adiungere,
838 1635 919 1714 quod
940 1644 1061 1722 gentem
1090 1657 1174 1700 suern
1196 1637 1302 1698 dicioni

188 1792 190 1802 ,
276 1757 394 1804 nostrae
414 1734 592 1804 subiicere&
628 1741 760 1819 Quotam
778 1751 898 1822 partem
922 1741 1019 1822 campi
1037 1744 1146 1816 iacere,
1167 1746 1303 1826 »inquam

274 1875 389 1935 pecora
415 1863 443 1912 et
474 1861 611 1912 armenta
645 1849 776 1909 militum
804 1848 967 1930 aliquando
1001 1853 1301 1912 transmitterentur?

272 1960 434 2019 Servarent
452 1977 523 2016 saue
541 1938 675 2036 receptos
703 1954 846 2038 gregibus
872 1957 953 2016 inter
978 1955 1137 2014 hominum
1167 1957 1299 2020 famam:
1324 1983 1355 2044 ,5

273 2067 363 2128 modo
386 2089 422 2126 ne
445 2066 611 2125 vastitatem
643 2071 676 2122 et
701 2061 895 2151 solitudinem
918 2063 1042 2125 mallent
1074 2087 1165 2146 quam
1192 2068 1302 2128 amicos

273 2173 406 2254 pupulos.
459 2173 683 2232 Chamavorum
716 2171 870 2250 quondam
904 2191 940 2230 ea
961 2195 1050 2250 arva,
1084 2194 1151 2234 mox
1177 2175 1302 2236 Tuban-

273 2301 338 2348 tum
363 2291 394 2340 et
423 2289 487 2360 post
508 2278 684 2357 Usipiorum
712 2277 812 2342 fuisse.
865 2279 961 2340 Sicuti
993 2279 1109 2340 caelum
1143 2280 1229 2358 deis,
1258 2283 1298 2342 ita

271 2396 367 2445 terras
390 2384 491 2466 generi
512 2382 684 2444 mortalium
698 2381 802 2462 datas3
823 2403 961 2465 quaeque
981 2361 1113 2464 vacuae,
1135 2407 1184 2450 eas
1207 2389 1300 2472 publi·

366 2588 393 2641 s.
425 2583 574 2650 mittaris
604 2582 686 2662 um,
713 2590 743 2632 er
769 2598 790 2632 ο.
811 2571 864 2636 se(
883 2585 1080 2655 eriperemus,
1109 2588 1297 2662 Ampsivario-

270 2700 329 2734 rum
349 2681 397 2732 Μῑ.

344 2795 379 2828 ιο.
395 2789 421 2828 et
440 2795 492 2828 om.
511 2776 560 2826 Ma,
577 2773 648 2824 idem
671 2776 700 2826 18
728 2777 882 2845 scriperem,
902 2784 929 2828 et
946 2793 967 2826 c.
984 2753 1028 2833 Ι56.
1046 2777 1146 2847 usipus.

342 2877 379 2924 e3.
402 2874 517 2936 Quotam
537 2897 571 2908 -
583 2847 704 2938 sirmam]
727 2870 787 2936 Agri
805 2870 839 2920 ab
861 2870 1034 2938 Ampsivariis
1061 2873 1186 2940 occupati
1213 2874 1286 2925 mili·

267 2979 321 3016 tum
340 2967 413 3025 usui,
435 2965 459 3012 h.
482 2965 503 3012 e.
523 2961 627 3012 alendis
649 2961 798 3028 pecudibus
820 2970 847 3012 et
864 2965 991 3015 armentis
1015 2964 1157 3015 inferioris
1186 2968 1291 3018 exerei-

268 3067 324 3118 tus,
347 3075 407 3108 eum
428 3057 539 3124 sepositi
557 3056 589 3123 (c.
602 3055 655 3124 54)
675 3061 782 3115 esseut,
800 3057 939 3106 Boiocalus
960 3059 1085 3108 Romanis
1107 3063 1228 3126 expauit,
1248 3075 1291 3110 se-

268 3149 347 3202 dibus
367 3151 419 3200 tibi
438 3152 547 3218 suisque
567 3151 689 3216 quamvis
714 3148 748 3197 ud
766 3151 850 3215 ripam
875 3130 960 3199 Rheni
976 3149 1062 3219 (iuter
1075 3133 1169 3206 Italam
1183 3164 1211 3206 et
1220 3157 1289 3206 Rhe·

267 3246 342 3312 uum)
362 3245 512 3304 concessis,
533 3252 621 3294 tamen
641 3244 705 3294 satis
727 3257 846 3308 maguam
866 3247 952 3312 cariipi
980 3247 1054 3298 illius
1072 3257 1176 3316 partem
1195 3267 1291 3318 super-

267 3355 344 3400 esse,
365 3339 392 3388 ln
411 3355 490 3405 quam
509 3339 627 3388 militum
646 3349 740 3406 pecora
762 3342 788 3384 et
807 3342 928 3390 aretenta
952 3341 1290 3410 aliquandotransm-itte-

265 3439 375 3492 rentur‚·
404 3439 538 3498 postremo
568 3430 660 3490 addit,
677 3441 812 3503 'receptus
838 3435 1019 3498 itmpsivarios
1044 3437 1138 3486 saltem
1160 3437 1289 3506 gregibus
1338 3427 1345 3440 ⁹

265 3525 349 3588 (redit
369 3523 436 3572 illud
456 3542 555 3592 perora
577 3538 605 3575 et
625 3535 747 3574 armentu
767 3525 895 3585 militum)
925 3526 1109 3580 custodiendis
1139 3539 1166 3578 et
1184 3530 1289 3582 alendis

170 3647 178 3657 κ
264 3630 412 3671 servarent.
450 3617 562 3666 Difficile
584 3617 616 3664 ad
636 3617 823 3680 explicandum
847 3618 976 3684 estquod
998 3631 1080 3672 restet
1106 3625 1181 3675 inter
1204 3625 1290 3676 homi·

261 3729 326 3762 num
344 3709 453 3775 ferream.
485 3709 638 3760 Waltherus
664 3711 792 3760 eu'verbs
821 3711 854 3759 ed
873 3703 1022 3763 servu-rent*
1040 3717 1123 3765 traxit
1149 3723 1176 3765 et
1204 3716 1288 3764 iuter-

262 3812 380 3873 pretatur
401 3813 441 3854 eet
462 3805 495 3855 alr
515 3806 630 3854 interitu
649 3801 844 3871 defenderent,
862 3803 927 3852 mihi
951 3814 998 3854 aut
1017 3809 1109 3858 laerma
1130 3813 1223 3860 allecte
1242 3818 1289 3858 aut

261 3898 295 3947 ah
316 3899 509 3966 interpolatore
528 3896 632 3944 adiecta
653 3913 708 3945 esse
728 3897 863 3946 versimile
874 3896 995 3949 ,videtne
