2836 4726
220 331 279 395 ros
532 317 555 419 j
625 330 853 392 Aruseium

67 513 374 596 (emathenorum
396 513 587 596 adpraesens
608 536 677 578 mox
693 517 856 604 inlaudem
877 522 968 582 vertit
988 543 1123 606 regresso
1138 523 1258 605 Suillio;
1350 545 1351 548 ’
1396 521 1397 554 ³

211 633 302 706 'quem
325 621 404 683 vidit
418 645 546 706 sequeus
563 635 645 694 aetas
664 636 892 707 praepotentem
909 627 1066 714 venalem,
1088 641 1118 690 et
1140 632 1259 706 Claudii

210 730 357 813 principis
380 731 513 797 amicitia
536 731 588 795 diu
610 725 754 815 prospere
775 756 934 820 nunquam
951 737 1032 798 bene
1054 759 1153 802 usum.
1195 743 1265 802 Ea-'

212 844 281 904 dem
306 863 405 926 poena
426 842 458 902 iu
481 844 590 903 Catum
611 841 765 904 Firmium
789 850 961 910 senatorem
983 849 1151 923 statuitur,
1186 859 1258 911 tau.

211 975 305 1036 quam
325 951 405 1015 falsis
427 935 591 1016 maiestatis
614 951 797 1012 criminibus
825 973 965 1012 sororem
984 955 1150 1034 petivisset.
1195 939 1293 1018 Cas-5

210 1075 280 1140 tue,
303 1073 338 1122 ut
356 1058 482 1138 rettuli,
506 1059 656 1120 Libonem
686 1057 822 1122 illexerat
842 1059 981 1136 insidiis,
1004 1063 1116 1124 deinde
1143 1064 1258 1125 indicio

211 1169 418 1252 perculerat
433 1169 509 1228 Eius
530 1187 643 1248 operae
663 1145 973 1245 memor¹Tiberius‚
1002 1166 1057 1227 sed
1083 1167 1143 1228 alia
1163 1191 1259 1250 prae-

212 1278 361 1358 tendens,
383 1276 521 1338 exsilium
543 1274 723 1357 deprecatus
754 1285 819 1337 est:
843 1297 904 1358 quo
934 1279 1036 1336 minus
1057 1287 1166 1338 senatu
1189 1277 1257 1360 pel-

174 1415 175 1420 *
212 1385 346 1462 leretur,
369 1409 433 1446 non
456 1387 588 1452 obstitit.

293 1496 443 1578 Pleraque
465 1517 587 1574 eorum,
613 1515 692 1576 quae
714 1493 820 1554 rettuli
846 1512 983 1574 quaeque
1012 1494 1163 1573 referam,
1185 1516 1257 1574 par·
1244 1461 1397 1572 -32l

211 1627 249 1666 va
268 1604 394 1666 Forsitan
432 1612 463 1662 et
487 1603 572 1662 levia
599 1609 770 1662 memoratu
805 1600 903 1660 videri
932 1621 993 1660 nou
1022 1601 1139 1660 nescius
1165 1622 1257 1662 sum:

209 1713 264 1777 sed
286 1733 377 1774 uerno
398 1705 522 1777 annales
543 1719 662 1768 nostros
683 1727 754 1767 cum
775 1709 929 1787 scriptura
952 1727 1059 1766 eorum
1090 1707 1260 1768 contende

210 1821 271 1898 rit,
294 1823 345 1902 qui
362 1811 482 1916 veteres
504 1817 613 1900 populi
634 1819 765 1878 Romani
788 1838 835 1877 res
843 1821 1062 1898 ’.οοιηροευενε
1115 1816 1260 1899 Ingentia

208 1929 256 1990 illi
281 1929 380 2006 bella,
410 1911 644 2012 expugnationes
676 1927 820 2004 urbium,
833 1905 934 1988 lusos
960 1938 1125 2008 captosque
1143 1947 1258 2008 reges,

211 2045 266 2100 aut
289 2036 314 2098 si
335 2035 459 2118 quando
479 2036 519 2098 ad
546 2039 667 2098 interna
694 2044 945 2116 praeverterent)
982 2035 1151 2097 discordias
1179 2025 1320 2098 con-15
1396 2043 1397 2078 l

209 2147 309 2212 sulum
331 2143 494 2230 adversum
510 2145 650 2206 tribunos
665 2143 833 2225 ‚agrarias
860 2144 994 2206 frtumen
981 2147 1134 2228 tariasque
1153 2145 1259 2228 lege5‚

209 2251 307 2334 plebis
327 2264 357 2314 et
378 2254 570 2337 optimatium
589 2187 756 2312 certelmina'
778 2249 875 2312 libero
896 2275 1016 2336 egressu
1029 2253 1262 2316 memorabant.

209 2361 303 2420 Nobis
325 2359 356 2420 in
379 2353 449 2424 arto
472 2374 502 2423 et
522 2359 668 2444 inglorius
686 2360 794 2423 labor:
818 2351 1079 2444 immotu'quippe
1113 2373 1166 2442 aut
1188 2383 1262 2424 mo-

164 2506 165 2513 1
209 2469 276 2529 dice
297 2469 434 2531 lacessita
450 2490 531 2551 pax,
554 2477 686 2528 maestae
717 2469 803 2530 urbis
828 2492 897 2547 res,
924 2481 953 2530 et
980 2471 1122 2552 princeps
1152 2470 1261 2550 profe·

208 2575 295 2642 rendi
318 2575 436 2660 imperii
456 2576 626 2636 incuriosus
648 2587 723 2644 erat.
766 2577 835 2636 Non
857 2589 959 2638 tamen
980 2579 1045 2638 sine
1076 2598 1134 2660 usu
1164 2577 1266 2639 suerit
1283 2597 1322 2638 20

210 2687 413 2767 introspicere
440 2683 493 2744 illa
513 2686 614 2766 primo
641 2695 768 2766 aspectu
797 2683 891 2764 levia,
917 2708 951 2746 ex
975 2689 1043 2767 quis
1073 2708 1261 2770 magnarum
1396 2673 1397 2676 Ἴ

210 2808 299 2872 saepe
315 2811 417 2850 rerum
437 2800 539 2850 motus
558 2791 720 2864 oriuntur„
759 2786 838 2852 Nam'
855 2775 979 2852 cunctas
994 2795 1132 2854 nationes
1154 2805 1183 2853 et
1209 2801 1322 2882 ur733
1396 2815 1397 2866 t

208 2897 264 2984 bes
285 2899 414 2982 populus
435 2909 488 2958 aut
509 2899 659 2980 primores
690 2913 742 2962 aut
776 2902 887 2984 singuli
909 2913 1042 2985 regunt:
1080 2901 1199 2973 delecta
1223 2925 1261 2966 ex

210 3009 246 3070 iis
267 3018 296 3066 et
320 3007 498 3085 consociata
515 3010 559 3070 rei
580 3007 720 3090 publicae
733 2997 839 3072 forma
861 3009 982 3074 laudari
1009 3011 1128 3073 facilius
1159 3033 1261 3098 quam

208 3211 471 3230 §Nm-m

297 3322 322 3380 6.
342 3321 447 3375 iudicio
466 3323 511 3376 M:
533 3323 641 3379 indicio
660 3323 830 3396 Vertraoius.
867 3323 908 3377 cf.
928 3325 971 3387 11,
993 3340 1034 3394 ²7·
1058 3329 1108 3380 28·=
1123 3312 1135 3376 ,Ἰ

285 3423 324 3474 13.
343 3423 538 3492 compossirere
558 3421 597 3474 M.
621 3411 624 3415 ⁴

284 3515 323 3567 151.
345 3515 370 3568 si
388 3513 501 3584 quando
521 3494 559 3570 od
574 3519 688 3572 interne
706 3528 932 3585 praeverterent,
954 3513 980 3567 h.
997 3530 1020 3565 e.
1039 3514 1062 3566 si
1082 3513 1196 3584 quaudo
1214 3533 1262 3570 se*

210 3609 307 3682 positis
326 3609 526 3688 aliquantisper
545 3613 665 3664 externis
684 3611 719 3662 ad
738 3612 847 3663 interna
867 3626 896 3661 se
916 3619 1115 3664 converterent.

284 3707 323 3758 ¹8.
346 3706 468 3780 immota]
490 3711 570 3761 immo
590 3711 632 3760 ito
652 3709 688 3760 M.

236 3803 249 3833 ⁸
277 3799 321 3867 24.
344 3807 489 3856 coensoiata
508 3803 552 3853 M:
572 3805 736 3868 ponsocinta
758 3801 905 3854 Ernestiusn
936 3830 968 3847 -
991 3783 1119 3852 Ceterum
1137 3797 1264 3852 Tacitus

209 3889 278 3944 baec
296 3895 438 3960 scribens,
466 3896 574 3952 delecta
603 3917 638 3950 ex
664 3899 700 3948 iis
721 3910 748 3949 es
768 3899 929 3950 consociata
947 3898 989 3950 rei
1010 3895 1140 3965 publicae
1151 3896 1264 3968 forma

211 3987 326 4046 laudari
337 3989 457 4057 [acilius
478 4009 560 4068 quam
580 3993 689 4046 erasure
706 4001 809 4062 potest,¹
828 3990 969 4044 Ciceronis
982 3989 1015 4042 de
1039 3991 1075 4044 Ro
1095 3985 1208 4062 publica
1222 3989 1264 4042 li..¹

1132 4185 1138 4211 l
1180 4197 1189 4206 κ
