2862 4730
187 285 243 350 ‘18
497 335 500 344 .
527 269 530 279 ‘
608 269 838 354 suustmn
910 256 912 264 ’

50 471 229 544 (astillat
253 467 471 549 sti-Augustam
495 442 642 533 adulatio
686 469 745 530 Alii
768 480 946 552 parentem,
979 469 1029 529 alii
1051 469 1280 552 matrsmpa·
1327 481 1334 497 ‘

196 581 273 646 triae
295 577 530 660 appellandam,
568 577 728 659 plerique,
768 589 802 638 ut
824 577 941 642 nomini
965 577 1105 640 Caesaris
1133 577 1245 639 adscri-

198 689 325 748 herotnr
346 687 440 748 lullae
459 685 538 754 lilius
560 667 735 754 censebant.
772 685 827 749 Ille
840 663 1043 749 moderandos
1057 686 1243 748 feminarum

196 796 325 856 honores
349 795 512 872 dictitans,
538 787 707 878 eidemque
727 818 759 858 se
783 797 988 878 temperantia
1011 801 1138 858 usurum
1161 798 1241 859 iniis

163 951 168 954 -
193 927 271 988 quae
292 904 349 965 sibi
371 895 600 982 tribuerentur,
621 915 756 978 ceterum
776 904 882 968 anxins
902 905 1017 967 invidia
1039 916 1070 966 et
1090 906 1272 972 muliebre5

104 1007 114 1023 ’
182 1015 345 1096 fastigium
370 1014 402 1072 in
424 1011 665 1075 deminutionem
687 1015 733 1098 sui
755 1015 927 1096 accipiens,
950 1035 989 1074 ne
1010 1013 1148 1076 lictorem
1172 1015 1241 1096 qui·
1295 1057 1298 1060 ι

152 1173 155 1179 ,,
193 1123 262 1183 dem
282 1121 311 1180 ei
331 1121 455 1181 decerni
472 1143 575 1203 passus
596 1131 664 1194 est,
690 1141 838 1204 aramque
860 1122 1037 1204 adoptionis
1048 1133 1085 1194 -et
1106 1118 1166 1185 alia
1186 1123 1241 1184 hu·
1278 1183 1284 1190 .

192 1228 361 1290 iuscemodi'
379 1227 548 1310 prohibuit.
602 1233 642 1292 At
671 1233 857 1293 Germanico
877 1231 1002 1293 Caesari
1024 1232 1240 1313 proconsulare

193 1339 355 1419 imperium
386 1337 515 1418 petivit;
548 1338 691 1421 missique
723 1339 815 1422 legati
848 1341 902 1421 qui
933 1339 1111 1418 deferrent,
1148 1341 1236 1402 simul

193 1445 374 1526 maestitiam
396 1444 460 1506 eins
484 1445 525 1506 ob
546 1467 706 1512 excessum.
723 1449 849 1531 Augusti
869 1447 1051 1508 solarentur.
1095 1450 1166 1527 Quo
1186 1451 1237 1510 rni-
1253 1461 1287 1506 to
1411 1433 1425 1456 ⁷

194 1577 251 1614 nus
272 1554 353 1636 idern
374 1544 437 1640 pru¹
452 1555 558 1614 -Druso
579 1553 799 1636 postularetur,
828 1576 864 1618 ea
886 1577 978 1617 eausa
999 1554 1082 1637 quod
1096 1555 1245 1638 designa·¹
1371 1536 1373 1542 ¹

193 1673 243 1722 tus
262 1662 370 1724 consul
394 1665 519 1724 Drusus
553 1683 755 1746 praesensque
781 1675 858 1725 erat.
910 1662 1095 1724 Candidatus
1117 1674 1237 1746 praetu-

193 1765 426 1840 rae‘duodecim
447 1769 642 1849 nominavit,
664 1793 826 1834 numerum
844 1771 884 1832 ab
907 1774 1044 1854 Augusto
1062 1772 1211 1834 traditum
1226 1793 1236 1849 ς

29 1864 32 1883 ⁸
104 1865 106 1870 ¹
192 1891 223 1938 et
247 1876 397 1939 ¹hortante
426 1889 536 1968 senatu
564 1889 764 1962 mergeret,
786 1879 999 1940 iureiurando
1019 1863 1183 1942 obstrinxit
1204 1899 1236 1940 se

192 2009 254 2050 non
277 1987 480 2053 excessurum.
522 1985 605 2046 Tum
620 1990 757 2068 primum
778 2009 796 2050 e
816 2008 923 2070 campo
937 1991 1062 2050 comitia
1075 1989 1115 2050 ad
1130 1965 1293 2070 patresl5

89 2177 91 2181 V
191 2091 340 2154 translata
362 2105 446 2156 sunt:
468 2113 553 2168 ‚nam
573 2092 612 2153 ad
632 2111 699 2156 earn
719 2095 823 2172 diem,
861 2097 916 2158 etsl
939 2099 1091 2180 potissima
1110 2095 1251 2157 arbitrio

192 2199 360 2284 principis,
381 2201 533 2284 quaedam
554 2212 654 2263 tamen
676 2203 783 2265 studiis
804 2203 944 2266 tribuum
966 2205 1091 2267 fiebant.
1122 2196 1239 2284 'Neque

192 2309 323 2390 populus
344 2309 521 2391 ademptum
551 2309 599 2370 ius
628 2321 752 2394 questus
779 2322 826 2374 est
847 2314 905 2374 nisi
924 2313 1008 2375 inani
1028 2332 1176 2389 rumore,
1208 2321 1239 2374 et
1318 2357 1320 2377 .

191 2429 309 2480 senatus
344 2417 559 2502 largitionibus
584 2437 621 2479 ec
637 2419 786 2502 precibus
807 2419 938 2482 sordidis
962 2417 1115 2480 exsolutus
1138 2417 1236 2480 libens

190 2527 313 2604 tonuit,
334 2523 511 2612 moderante
529 2525 657 2590 Tiberio
679 2548 719 2589 ne
736 2529 838 2611 plures
858 2547 951 2611 quarn
972 2536 1119 2607 quattuor
1134 2527 1233 2590 candi·
1246 2530 1285 2574 ²⁰

191 2632 277 2694 datos
296 2636 544 2715 commendaret,
579 2637 643 2698 sine
676 2635 798 2719 repulsa
825 2645 858 2697 et
879 2632 996 2694 ambitu
1019 2632 1235 2720 designandos.

76 2749 78 2752 ’
191 2735 380 2826 Ιηίθινφιαὲ
396 2745 512 2806 tribuni
533 2744 634 2827 plebei
655 2747 792 2827 petivere
812 2752 845 2802 ut
868 2740 994 2822 proprio
1015 2753 1140 2824 sumptu
1157 2743 1235 2806 ede·-

190 2863 258 2914 rent
279 2851 389 2932 lidos,
415 2855 468 2936 qul
493 2852 533 2916 de
558 2851 682 2915 nomine
707 2849 835 2930 Augusti
860 2847 942 2908 fastis
962 2847 1059 2909 additi
1081 2853 1232 2934 Augusta-

180 2959 233 3020 ‘les
255 2971 452 3030 rorarentun
493 2961 557 3023 Sed
588 2961 712 3023 decreta
745 2953 874 3038 pecunia
904 2973 941 3016 ex
958 2943 1102 3038 aerario,
1139 2971 1234 3040 utque

183 3071 383 3148 perstruunt
408 3067 590 3154 triumphali
616 3077 699 3130 reste
719 3071 892 3125 uterentur:
929 3083 1024 3126 curru
1055 3068 1127 3129 vehi
1150 3050 1284 3140 haud²5

186 3178 377 3256 permissura.
410 3175 492 3242 Mor
515 3175 680 3240 celebratio
700 3171 740 3232 ad
773 3181 948 3250 praetorem
976 3174 1150 3258 translata,
1182 3177 1233 3238 oui

131 3298 142 3318 ·⁴
190 3259 370 3349 interrivos
394 3297 424 3369 et
443 3277 812 3368 peregrinosiurisdietio
833 3279 990 3376 evenisset

196 3463 491 3482 Μ

267 3589 305 3642 17.
313 3570 436 3642 scebant
456 3568 494 3628 Μ.
582 3576 585 3584 ’
637 3567 642 3585 '⁵
922 3591 926 3600 ⁴
955 3589 961 3628 t

265 3671 308 3722 26.
327 3661 494 3734 celebratio}
519 3661 670 3716 celebratio
689 3661 792 3715 annum
809 3663 847 3718 Μ.
883 3665 932 3720 Pro
949 3686 1070 3734 annum,
1087 3669 1162 3742 quod
1182 3683 1232 3737 ego

196 3769 226 3813 ut
246 3763 347 3814 inutile
364 3759 583 3810 additamentum
604 3763 632 3808 et
650 3771 711 3808 casu
731 3749 852 3828 quodard
869 3771 965 3818 uatum
990 3765 1159 3818 eliciendum
1184 3780 1236 3833 pu.

195 3857 269 3918 tavi,
298 3853 426 3908 nonnulli
456 3865 580 3924 annunrn
616 3852 744 3904 nonnulli
772 3871 870 3918 annun
893 3872 1060 3926 reposuere,
1086 3867 1235 3926 utrumque

194 3966 276 4021 prave
293 3967 327 4002 ne
341 3945 528 4002 dicamstulte·
563 3949 662 4003 Latine
682 3945 798 4002 rinnon
816 3950 998 4020 magistratus
1016 3971 1141 4016 annuos,
1162 3967 1235 4004 uun·
