2826 4730
447 257 521 317 me.
544 233 582 316 ir.
636 207 728 316 err.
755 259 916 323 71-75.·
1139 265 1196 326 117

159 442 350 516 stinabatur,
372 437 587 522 praetuleritne
611 437 748 498 veneficii
777 403 885 519 signa,
917 460 1024 519 parum
1049 441 1196 504 constitit,
1209 409 1236 514 (n
1255 447 1283 498 C.
1295 452 1346 522 ις.)

158 552 235 608 Nam
257 557 289 606 ut
310 545 378 626 quis
410 543 654 606 misericor'dia
648 567 677 606 tn
702 545 922 608 Germanicum
943 556 972 604 et
1003 560 1196 628 praesumpta

157 657 329 734 suspicione
350 664 403 714 aut
423 656 527 716 favore
555 661 586 714 in
620 655 763 714 Pisonem
785 656 934 735 pronior,
971 655 1086 715 diversi
1108 655 1200 716 inter·

158 780 194 838 pr
197 759 371 822 etabenrur

100 853 156 936 74
201 865 410 928 Consultatum
438 867 510 928 inde
539 868 620 927 inter
650 868 762 950 legatos
797 853 910 949 quique
945 867 995 928 alii
1025 880 1200 930 senatorum
1249 915 1251 920 s

156 973 303 1046 aderant,
326 980 466 1059 quisnam
487 980 597 1038 Suriae
618 979 846 1058 praeficeretur.
890 977 929 1038 Et
949 979 1058 1038 ceteris
1081 979 1201 1039 modice

156 1083 246 1150 nisis,
265 1065 358 1145 ¹inter
390 1087 518 1148 Vibium
559 1089 693 1162 Marsum
729 1099 759 1148 et
794 1089 933 1148 Gnaeum
969 1089 1108 1148 Sentium
1147 1088 1200 1148 diu

158 1193 347 1272 quaesitum:
376 1194 445 1253 dein
473 1197 591 1255 Mersus
620 1193 732 1254 seniori
753 1205 782 1253 et
798 1170 910 1254 ‘acrius
934 1193 1069 1256 tendenti
1096 1195 1200 1254 Sentio

158 1298 313 1360 concessit.
367 1302 455 1382 Isque
485 1301 627 1362 infamem
668 1301 817 1362 veneficiis
853 1322 888 1362 ea
919 1303 949 1360 in
977 1303 1135 1382 provincia
1169 1313 1199 1362 et

102 1403 138 1462 r‘o
161 1406 327 1470 Plancinae
348 1425 524 1487 percarum,
546 1408 671 1465 nomine
692 1409 881 1481 Martinam
906 1383 947 1469 in,
964 1407 1071 1466 urbem
1096 1407 1199 1482 misit,

159 1513 382 1594 postulantibus
406 1512 531 1574 Vitellio
552 1535 587 1573 ac
609 1515 742 1574 Veranio
762 1517 955 1594 ceterisque,
985 1516 1037 1595 qui
1069 1515 1198 1574 crimina

156 1632 185 1679 et
207 1622 429 1682 accusationem
454 1630 606 1700 tunquam
639 1620 784 1679 adversus
812 1631 948 1700 receptos
978 1621 1036 1680 ism
1062 1641 1130 1679 reos
1151 1625 1200 1680 in·

100 1725 326 1804 75struebant.
369 1725 413 1784 At
434 1723 627 1806 Agrippina,
644 1746 820 1805 quanquam
839 1715 953 1784 defessa
974 1723 1060 1786 luctu
1081 1735 1113 1785 et
1129 1745 1198 1786 cor·

156 1837 376 1918 por-enegio,
411 1835 548 1895 omnium
582 1845 684 1924 tumen
714 1856 792 1916 quae
823 1832 972 1894 ultionem
1004 1845 1198 1895 morerentur
1233 1863 1239 1878 e

101 1946 135 2007 15
156 1939 347 2020 intolerans,
378 1944 514 2004 escendit
541 1942 669 2004 classem
697 1963 767 2004 eum
794 1940 948 2004 cineribus
976 1943 1149 2033 Germanioi
1170 1954 1200 2004 et
1244 2007 1250 2012 ,

153 2047 279 2124 liberis,
301 2050 516 2112 miserantibus
537 2051 654 2112 cunctis
675 2049 757 2131 quod
786 2049 900 2110 femina
924 2046 1087 2110 nobilitate
1114 2050 1199 2130 prim

135 2181 241 2241 ceps,
266 2155 471 2244 pulcherrimo
489 2157 581 2218 modo
596 2159 807 2232 matrimonio,
831 2160 915 2218 inter
936 2156 1108 2218 venerantis
1130 2176 1200 2236 grs-
1276 2227 1279 2240 Χ

93 2321 99 2336 ,
155 2270 307 2348 tantisque
333 2266 425 2347 aspici
449 2263 561 2342 solita,
591 2275 665 2326 tunc
691 2263 792 2327 feralis
817 2265 959 2348 reliquias
988 2268 1060 2326 sinu
1080 2264 1218 2341 ferret‚·

155 2379 272 2438 incerta
296 2373 443 2448 ultionis,
463 2373 618 2431 anxiarsui
652 2382 682 2432 et
713 2369 824 2434 infelici
852 2369 1038 2464 fecunditate
1060 2369 1198 2431 fortunae

155 2485 269 2546 totiens
306 2483 447 2548 obnoxia.
489 2481 635 2547 Pisonem
664 2481 785 2546 interim
823 2479 905 2565 apud
939 2479 1038 2544 Coum
1062 2477 1199 2546 insulam

155 2705 446 2724 Μ

135 2849 219 2916 Ιοπιῐ.
258 2842 335 2896 conf
354 2829 429 2897 intra*
450 2860 474 2898 e.
500 2845 542 2900 83.
569 2843 943 2916 Sepulcrum'Antioebiae,
970 2845 1018 2899 uti
1042 2855 1198 2928 monronis⁸¹

105 2911 109 2926 ι
154 2937 282 2990 tribunal
299 2935 499 3008 Epidepbnae‚
519 2957 573 3011 qno
594 2942 626 2992 in
647 2941 716 2997 loeo
727 2939 815 2992 vitam
831 2937 956 3010 finierat
975 2937 1088 2988 Cineres
1106 2921 1196 2990 mariti

155 3031 264 3084 nomam
282 3047 374 3082 secum
395 3033 461 3084 tulit
478 3033 628 3102 Agrippina
650 3034 746 3104 ibique
768 3021 910 3095 condidit,
933 3033 989 3110 111,
1015 3049 1036 3086 ι
1055 3032 1082 3100 d

246 3129 271 3180 3
289 3127 512 3198 interpretantur
531 3129 576 3182 M:
596 3127 855 3200 interpretabantur
876 3127 1086 3180 Beroaldus—
1053 3127 1198 3197 -Noper

155 3221 311 3276 Waltherus
337 3222 455 3273 Medicei
487 3223 648 3292 scripturam
677 3223 827 3276 defendere
850 3230 964 3274 conatus
983 3231 1025 3274 est
1053 3224 1197 3276 referendo

156 3314 268 3369 rerbum'
289 3317 510 3387 interpretantur
535 3317 569 3369 ad
590 3320 756 3387 scriptores,
788 3319 836 3388 qui
858 3317 1013 3370 Germanici
1033 3317 1198 3389 Tiberiique

157 3428 223 3464 aevo
243 3427 301 3465 eam
321 3429 376 3472 rem
396 3422 685 3466 commemoraverunt.
723 3413 776 3465 Sed
795 3413 921 3465 Tacitum
941 3414 1007 3463 haec
1023 3427 1078 3465 nou
1099 3412 1132 3464 de
1154 3431 1197 3465 re-

152 3523 211 3555 rum
231 3504 410 3573 scriptoribus
432 3505 532 3560 cedde
551 3507 644 3558 amicis
664 3507 848 3560 etcomitibus
864 3508 1023 3560 Germanici
1041 3523 1071 3560 ae
1092 3509 1195 3560 Pisonis

154 3599 271 3666 intelligi
293 3601 365 3651 velle
383 3617 456 3653 cum
462 3603 659 3655 sententiarum
681 3617 768 3654 nexus
794 3613 851 3656 tum
881 3604 1049 3674 praecedens
1073 3607 1197 3659 constitit
1223 3635 1225 3639 ·

153 3692 284 3748 declarat.

243 3787 394 3844 ferendine
413 3791 495 3864 nisis}
514 3792 679 3849 mortinensis
696 3791 724 3847 Μ
735 3813 745 3860 ;-
763 3793 880 3849 correxit
897 3791 1052 3846 Beroaldus.

151 3929 157 3953 -.
227 3899 264 3950 17.
285 3899 446 3940 venerantes
467 3887 506 3943 Μ.
