2826 4730
140 305 143 322 '
228 271 287 382 roo
627 309 871 382 urrunnu·

74 495 102 563 (ι
121 493 285 565 Quibus
319 504 500 580 exstinctos,
534 504 586 564 sed
621 504 793 566 colluviem.
814 507 897 567 illam
930 509 1087 568 nationum
1123 511 1268 572 comitate

224 607 318 668 nimia
335 608 494 672 coluisset:
512 611 567 672 hos
590 616 670 672 enim
691 635 754 673 esse
772 613 958 676 Mithridatis
976 617 1124 676 adversus
1137 615 1268 694 Sullam,

225 716 352 780 Antonii
381 715 526 780 adversus
557 715 664 780 divum
684 721 859 802 Augustum
885 724 993 782 socios.
1037 723 1141 783 Etiam
1164 735 1280 783 vetera

157 809 160 821 Α
224 825 413 903 obiectabat,
433 847 513 910 quae
546 830 577 886 in
605 829 787 890 Macedones
818 835 1025 914 improspere,
1055 831 1213 893 violenter
1234 835 1266 892 in

223 955 294 996 suos
305 935 462 1012 fecissent,
485 938 618 1000 offensus
635 941 706 1001 urbi
722 945 846 1023 propria
862 965 984 1025 quoque
997 937 1046 1004 ira
1058 988 1066 1020 ,
1079 943 1151 1026 quia
1164 941 1262 1001 Theo·
1285 929 1306 990 5

222 1041 340 1124 philurn
359 1045 510 1127 quendam
529 1051 610 1108 rlrco
631 1043 742 1110 iudicio
763 1051 831 1114 falsi
852 1052 1029 1133 damnatum
1050 1053 1189 1134 precibus
1205 1051 1267 1110 suis

223 1173 286 1212 non
307 1154 517 1216 concederent.
558 1159 636 1218 Exin
657 1159 851 1241 navigatione
870 1158 961 1219 celeri
984 1181 1039 1240 per
1063 1139 1213 1239 Cycladas
1236 1169 1266 1218 et

223 1261 402 1344 compendia
438 1266 530 1326 maris
563 1254 732 1347 assequitur
773 1267 990 1325 Germanicum
1027 1265 1109 1346 apud
1131 1263 1264 1324 insulam

222 1369 380 1448 Rhodum,
401 1368 485 1430 baud
504 1371 642 1430 nescium
655 1369 768 1450 quibus
784 1369 1034 1431 insectationibus
1046 1371 1158 1452 petitus
1172 1353 1262 1428 foret:

224 1479 277 1542 sed
296 1489 381 1541 tanta
402 1478 633 1542 mausuetudine
665 1478 774 1566 agebat
795 1489 845 1558 ut,
868 1501 937 1539 cum
952 1489 1019 1539 orta
1033 1488 1197 1560 tempestas
1217 1497 1267 1536 ra·
1291 1491 1326 1531 ro

220 1601 307 1674 peret
325 1589 499 1670 inabrupta
512 1599 672 1670 possetque
682 1591 821 1649 interitus
837 1589 950 1650 inimici
966 1588 1005 1650 ad
1022 1610 1127 1650 casum
1142 1587 1262 1661 referri,

222 1701 339 1762 miserit
359 1697 513 1770 triremis,
537 1717 669 1778 quarum
696 1687 831 1756 subsidio
866 1695 1037 1756 discrimini
1069 1696 1266 1756 eximeretur.

220 1807 331 1890 Neque
349 1817 451 1867 tamen
471 1807 626 1889 mitigatus
648 1805 738 1876 Piso,
762 1814 794 1866 et
814 1805 863 1864 vix
884 1804 945 1864 diei
963 1825 1083 1865 moram
1106 1823 1266 1886 perpessus

221 1915 335 1998 linquit
357 1914 576 1974 Germanicum
609 1894 855 1994 praevenitque.
885 1913 926 1972 Et
955 1923 1118 1992 postquam
1139 1911 1266 1990 Suriam
1299 1973 1303 1980 ,

221 2045 259 2084 uc
279 2005 411 2104 legioires
433 2023 555 2105 attigit,
578 2022 740 2104 largitione
761 2022 898 2095 ambitu,
920 2023 1042 2083 infimos
1062 2022 1259 2102 manipulari·
1286 2012 1322 2074 15

217 2149 278 2192 'um
299 2129 455 2206 iuvando,
482 2149 553 2214 ,cum
598 2137 717 2188 veteres
744 2130 953 2203 centuriones,
977 2147 1104 2188 ¹severos
1128 2128 1273 2190 tribunos.

224 2239 422 2310 demoveret,
458 2231 583 2319 locaque
613 2257 719 2296 eorum
738 2236 907 2306 ,clientibus
936 2241 997 2298 suis
1025 2237 1072 2296 vel
1097 2237 1267 2298 deterrimo

172 2409 175 2418 ,
223 2349 334 2430 cuique
353 2343 555 2420 attribueret,
580 2341 755 2404 desidiam
747 2363 779 2401 rn
799 2331 925 2419 castris,
949 2343 1135 2403 licentiam
1127 2365 1158 2403 ru
1182 2343 1266 2403 urbi·

222 2452 298 2528 bus,
322 2473 434 2535 vagum
455 2473 492 2512 ac
515 2447 720 2510 lascivientem
742 2471 795 2531 per
815 2470 903 2532 agros
924 2450 1049 2510 militem
1072 2454 1198 2524 sineret,
1224 2472 1264 2511 eo

223 2579 322 2642 usque
342 2558 542 2639 corruptionis
561 2567 725 2644 provectus
745 2565 809 2634 est,
834 2567 867 2616 ut
887 2577 1026 2618 sermone
1044 2556 1126 2638 vulgi
1147 2535 1265 2636 paiens
1288 2574 1328 2613 uo

225 2661 380 2746 legionum
397 2666 576 2728 haberetur.
597 2667 661 2729 Nec
684 2665 832 2727 Plancina
852 2688 883 2726 se
903 2667 983 2725 intra
1008 2661 1123 2726 decora
1150 2664 1269 2727 feminis

225 2773 369 2853 tenebat,
390 2773 443 2835 sed
465 2775 610 2835 exercitio
637 2776 795 2858 equitum,
826 2771 1004 2834 decursibus
1024 2771 1199 2848 cohortiuni
1220 2773 1269 2832 in-

224 2891 346 2958 teresse,
373 2883 406 2942 in
423 2883 636 2964 Agrippinam,
659 2882 690 2940 iu
706 2881 923 2940 Germanicum
935 2881 1134 2941 contumelias
1157 2881 1268 2957 iacere,

225 2975 408 3072 quibusdam
421 2994 513 3051 etiam
526 2991 679 3051 bonorum
691 2989 825 3050 militum
843 2989 881 3048 ad
897 2989 976 3049 mala
991 2990 1135 3070 obsequia
1148 3010 1265 3070 promp

226 3099 285 3169 tis,
308 3095 392 3178 quod
412 3095 496 3156 haud
518 3096 615 3158 invito
644 3097 831 3178 imperatore
861 3119 896 3156 ea
917 3097 982 3157 lieri
1003 3097 1140 3159 occultus
1161 3115 1266 3157 rumor
1286 3093 1323 3152 25

226 3203 398 3266 incedebat.
422 3203 504 3264 Nota
519 3204 594 3264 haec
611 3207 810 3266 Gerruanico.
827 3205 880 3265 sed
894 3204 1094 3285 praevertiad
1104 3201 1324 3281 Armeniosffi

226 3312 389 3405 instantior
412 3329 487 3374 cura
515 3309 582 3370 suit.
635 3309 792 3392 Ambigua
815 3321 890 3392 gens
920 3333 954 3370 ea
976 3311 1144 3391 antiquitus
1166 3310 1267 3374 bomi-

164 3410 167 3419 ’
226 3439 300 3483 num
323 3418 449 3502 ingeniis
472 3430 502 3480 et
523 3421 583 3500 situ
604 3432 775 3492 terrarum,
800 3394 944 3502 quoiriam
969 3421 1078 3480 nostris
1100 3422 1267 3501 provinciis

227 3523 289 3586 lato
310 3537 466 3608 praetenta
487 3529 618 3610 penitus
642 3527 682 3588 ad
711 3529 818 3590 Medos
847 3530 1037 3614 porrigitur
1069 3530 1270 3617 maximisque

230 3645 473 3658 m-›-—-*

315 3700 340 3750 5.
358 3699 431 3770 suos}
451 3717 500 3754 sno
520 3699 556 3748 M.
577 3719 580 3730 =

299 3795 340 3846 26.
360 3792 500 3846 incidebat
519 3793 562 3846 M:
583 3791 728 3854 incedebat
743 3794 861 3862 Lipsius.

230 3911 233 3923 ·
301 3891 343 3941 28.
363 3902 389 3940 et
409 3887 541 3944 l'icheua:
560 3886 610 3939 scd
628 3887 665 3948 Μ.Ι
686 3889 690 3900 “

299 3985 340 4036 αδ.
361 3982 448 4054 Vulgo
466 3999 534 4054 quo:
554 3983 687 4052 quoidam
701 3999 734 4038 er
751 3981 781 4032 nt
812 3981 933 4048 reposuit
954 3978 1101 4040 ballerin.
