2826 4730
275 299 378 367 iss*
483 389 485 394 Ι
668 275 893 356 suuittuu
984 305 986 312 ’

117 495 254 570 (ιω.)
270 481 460 571 deportatur.
509 480 665 542 Carsidius
687 481 852 552 Sacerdos,
883 499 952 540 reus
979 489 1128 560 tanquam
1158 477 1312 539 frumento

271 588 395 647 bostem·
414 585 641 646 Tacfarinatem
664 587 810 656 iuvisset,
831 582 1017 661 absolvitur,
1038 585 1235 666 eiusdemque
1251 587 1311 646 cri-

271 698 361 758 minis
384 697 478 757 Gaius
500 696 667 761 Gracchus.
711 695 801 755 Hunc
815 695 955 754 comitem
975 691 1070 752 exsilii
1085 691 1252 758 admodum
1265 696 1330 752 irs-¹

271 806 386 866 fantem
419 815 505 886 pater
528 803 727 886 Sempronius
759 802 789 862 in
824 799 955 862 insulam
988 801 1148 861 Cercinam
1184 801 1309 862 tulerat.

271 911 336 972 lllic
357 909 477 995 adultus
499 912 580 974 iuter
600 923 737 974 extorres
764 920 794 972 et
825 909 997 971 liberalium
1029 911 1144 968 artium
1175 903 1339 980 nescios,5

252 1033 338 1080 'mox
366 1018 587 1100 perditricem
616 1039 651 1080 ac
679 1016 814 1078 Siciliam
850 1017 997 1078 mutando
1027 1016 1165 1078 sordidas
1195 1033 1310 1077 merces

267 1125 512 1204 sustentabatur3
532 1145 632 1206 neque
652 1134 753 1185 tamen
773 1123 878 1206 effugit
898 1110 1025 1209 magnae
1060 1125 1201 1194 samanae
1228 1125 1308 1204 peri·

267 1233 349 1294 cula.
396 1233 443 1293 Ac
461 1233 493 1292 ni
514 1232 617 1294 Aelius
640 1231 746 1294 Lamia
766 1242 797 1292 et
816 1234 929 1294 Lucius
951 1232 1133 1314 Apronius,
1156 1235 1210 1315 qui
1230 1232 1308 1294 Afri-

229 1378 233 1388 *
267 1363 334 1401 nam
348 1340 566 1417 obtinuerant,
585 1342 737 1400 insontem
751 1342 966 1421 protexissent,
986 1338 1167 1403 claritudine
1181 1339 1305 1401 infausti
1395 1399 1396 1416 ,

266 1453 383 1532 generis
406 1459 435 1512 et
456 1449 592 1532 paternis
611 1448 746 1510 adversis
768 1449 846 1510 foret
869 1449 1047 1513 abstractus.
1325 1465 1351 1504 ro

280 1613 283 1630 ,
348 1562 375 1620 ls
397 1577 520 1640 quoque
541 1577 639 1618 annus
662 1555 828 1639 legationes
849 1561 1037 1620 Graecarum
1063 1557 1230 1618 civitatium
1251 1540 1349 1624 has-ii

264 1666 356 1744 buit,
380 1664 490 1726 Samiis
510 1666 650 1740 lunonis,
684 1665 754 1726 Cois
785 1664 957 1748 Aesculapii
987 1664 1116 1726 delubro
1149 1674 1302 1726 vetustum

263 1773 340 1858 asyli
364 1775 409 1834 ius
427 1781 464 1832 ut
476 1771 651 1834 firmaretur
664 1771 845 1856 petentibus.
870 1773 964 1834 Samii
979 1773 1099 1833 decreto
1117 1771 1301 1856 Amphicty-

265 1901 358 1940 onum
387 1879 586 1961 nitebantur,
620 1883 690 1966 quis
711 1882 911 1964 praecipuum
942 1879 1004 1942 init]
1032 1899 1134 1942 rerum
1165 1881 1300 1940 omniun

266 1988 432 2060 iudicium,
465 2007 527 2070 qua
554 1998 735 2070 tempestate
760 1992 871 2052 Graeci
895 1987 1026 2053 conditis
1048 2009 1104 2074 per
1125 1989 1229 2048 Asiam
1250 1985 1347 2048 ur-15

259 2229 337 2283 rutae
355 2229 548 2304 deportatr'ons
561 2249 711 2290 coercetur.
731 2235 780 2289 His
807 2251 867 2289 curn
896 2238 964 2290 locis
984 2239 1007 2293 si
1026 2235 1206 2290 conferuntur
1229 2251 1298 2308 quae

257 2321 330 2389 inira
349 2339 371 2374 c·
388 2325 429 2378 30.
448 2325 483 2380 de
501 2327 611 2402 Amorgi
631 2332 763 2400 temperie
784 2331 861 2386 haud
881 2331 982 2386 immiti
1009 2331 1175 2394 reseruntur,
1197 2331 1297 2386 Sereno

257 2432 373 2486 poenam
385 2420 469 2486 paulo
477 2420 588 2492 quidem
599 2425 759 2494 graviormn,
769 2444 857 2498 -quam
867 2427 975 2482 Tiberii
986 2429 1156 2500 temporibus
1168 2429 1213 2482 lea
1221 2443 1298 2498 prae·

257 2509 410 2575 scribcbat,
424 2513 567 2582 irrogatum
579 2519 665 2572 inisse
683 2528 777 2588 paret,
795 2521 911 2574 sednon
926 2521 995 2576 adeo
1012 2524 1164 2586 intentam,
1182 2529 1214 2574 ut
1234 2523 1298 2575 inde

252 2589 410 2673 'temporum
428 2613 556 2664 atrocitas
573 2615 681 2682 agnosci
697 2624 798 2684 posset.
836 2618 890 2669 lam
903 2618 986 2672 verba
1003 2619 1037 2672 ob
1055 2621 1230 2672 atrocitatem
1244 2636 1297 2670 mo·

221 2755 223 2762 ,
255 2715 315 2754 rtem
333 2709 446 2772 propter
465 2705 573 2772 locum,
591 2721 673 2780 quem
692 2711 829 2776 obtinent,
845 2728 903 2765 non
924 2713 959 2764 ad
979 2715 1169 2766 antecedentia
1185 2713 1236 2766 sed
1260 2713 1293 2765 ad

172 2856 175 2865 Δ
254 2801 400 2870 sequentia
421 2801 467 2864 (iu
491 2803 611 2858 insulam
637 2808 783 2878 Amorgum
808 2805 987 2880 deportatur)
1013 2807 1249 2873 referendarum,
1267 2818 1294 2861 et
1391 2861 1392 2873 ,

253 2891 328 2946 idem
349 2882 408 2946 ieie
433 2895 588 2966 significant
605 2907 688 2972 atque
707 2899 743 2953 ob
763 2903 932 2956 atrocitatem
947 2921 1072 2967 morum,
1093 2921 1165 2976 quae
1183 2905 1291 2958 iscium

251 2989 286 3041 ab
305 3005 338 3040 cu
357 2991 529 3042 commissum
547 2990 718 3044 intendebat.
737 2991 864 3046 Ceterum
880 2994 980 3048 Vibius
998 2995 1051 3049 iste
1070 2995 1099 3048 in
1124 2997 1215 3048 ciuem
1238 2997 1288 3048 lto·

252 3093 362 3138 manu'm
380 3084 415 3137 ad
432 3087 622 3155 imperatorem
635 3088 820 3158 appellantem
838 3088 912 3144 haud
930 3090 1015 3145 dubie
1030 3099 1097 3145 tuno
1115 3088 1219 3144 iniuste
1231 3107 1291 3160 ege-

251 3187 312 3240 rat,
337 3195 399 3232 cum
413 3179 553 3234 ulterioris
575 3167 723 3252 Hispanias
746 3167 896 3252 proconsul
914 3192 981 3250 erat,
1002 3202 1034 3238 ac
1054 3196 1198 3258 propterea
1216 3185 1287 3241 dam·

216 3331 219 3338 ‚
251 3287 333 3328 notus
349 3289 408 3330 uon
425 3277 513 3330 solum
531 3277 567 3329 ad
575 3279 729 3356 subiectum
744 3281 859 3340 (Vibius
877 3283 1007 3354 Serenus)
1032 3283 1080 3337 ssd
1099 3284 1184 3356 magia
1207 3285 1288 3336 etiarn

250 3371 283 3422 ad
302 3371 488 3440 praediceturn
501 3372 665 3445 (proconsul
681 3356 824 3432 ulterioris
844 3379 1012 3451 Hispanias)
1030 3379 1161 3449 pertinet.
1196 3382 1290 3448 itaque
1331 3391 1333 3396 '

249 3464 394 3534 expeditae
421 3465 566 3520 verborum
586 3479 740 3524 structurae
760 3476 845 3544 gratia
867 3491 900 3528 ex
914 3476 1034 3530 Medicei
1051 3485 1121 3530 uota
1138 3475 1289 3548 (procons.)

247 3562 418 3632 proconsul,
437 3577 493 3616 non
511 3581 564 3633 pro
584 3567 697 3619 consule
715 3567 881 3622 eliciendum
900 3575 968 3622 erat.

340 3673 361 3714 ι.
382 3659 515 3726 cursim:
537 3658 679 3714 Carsidius
696 3659 847 3716 Reiuesius.
884 3665 927 3718 Ci.
947 3664 1004 3732 vt,
1025 3665 1067 3734 48

308 3765 313 3773 “
335 3745 360 3805 8.
379 3750 488 3825 lamia}
507 3753 616 3806 lamisso
633 3755 671 3806 Μ.
685 3755 698 3764 “

324 3862 362 3928 ra.
381 3859 505 3900 uetustus
524 3859 581 3902 tum
598 3849 645 3902 M:
667 3864 798 3906 vertutum
817 3855 975 3909 Beroaldus.

322 3941 359 3993 15.
380 3936 501 4028 quaiso
518 3957 576 4012 qua
594 3940 622 3993 M
650 3959 683 3996 ss
702 3960 735 3998 ex
752 3945 937 4019 dittographia
958 3960 1047 4008 ortum
1065 3961 1116 4008 est.
