2826 4730
242 325 282 387 96
496 326 504 341 “
652 319 876 384 ANNALIUM

91 509 118 580 (a
141 509 334 590 C.17.)gebut
357 507 538 566 intuentium
569 506 649 570 visus
676 505 782 566 eximia
822 507 915 588 ipsius
946 509 1082 587 species,
1115 527 1283 590 currusque

245 617 381 699 quinque
402 613 505 674 liberis
526 626 664 686 onustus,
687 616 739 676 sed
762 615 886 676 suberat
906 616 1024 676 occulta
1046 615 1174 676 lonnido
1192 637 1284 700 repu-

248 723 381 785 tantibus
410 721 494 782 haud
524 745 704 806 prosperum
733 726 764 786 in
795 725 900 784 Druso
928 734 1014 806 patre
1053 725 1117 784 eius
1149 711 1285 786 favorem

247 829 351 913 vulgi,
380 830 567 891 avunculum
593 829 728 890 ciusdem
753 817 932 892 Marcellum
972 829 1169 915 flagrantibus
1189 833 1286 914 plebis

175 973 177 980 ¹
245 938 353 1002 studiis
375 943 456 1000 intra
477 943 631 1002 iuventam
652 950 803 1022 creptum,
826 939 937 1002 breves
959 949 988 1002 et
1011 941 1157 1004 infaustos
1178 937 1315 1024 populi5

245 1049 372 1110 Romani
395 1071 520 1110 amores.

329 1157 470 1218 Ceterum
501 1158 639 1220 Tiberius
681 1157 803 1218 nomine
829 1157 1002 1218 Germanici
1037 1168 1174 1220 trecenos
1201 1131 1337 1242 plebtlh

156 1343 161 1350 .
245 1267 394 1328 sestertios
416 1269 533 1328 viritim
553 1268 650 1344 dedit,
671 1289 761 1348 seque
778 1265 925 1348 collegam
947 1266 1120 1331 consulatui
1147 1269 1211 1328 eius
1235 1267 1285 1326 de·

244 1377 379 1438 stinavit.
425 1378 489 1438 Nec
510 1377 578 1438 ideo
597 1375 732 1436 sincerae
754 1375 889 1468 caritatis
910 1375 1001 1436 fidem
1028 1357 1181 1436 assecutus
1201 1362 1285 1436 anio-

243 1485 291 1546 liri
317 1485 457 1546 iuvenem
479 1485 577 1568 specie
598 1482 722 1546 bonolis
742 1487 873 1561 statuit,
907 1485 1075 1566 struxitque
1105 1505 1210 1544 causas
1232 1497 1330 1546 antro

244 1595 323 1656 forte
344 1594 460 1656 oblatas
482 1596 620 1676 arripuit.
664 1594 728 1657 Rex
743 1592 913 1654 Archelaus
927 1591 1210 1675 quinquagesimum
1229 1611 1285 1652 an-

145 1683 173 1782 i,
243 1723 317 1762 num
339 1703 530 1784 Cappadocia
552 1702 744 1784 potiebatur,
774 1677 889 1762 invisius
918 1699 1070 1772 Tiberio,
1102 1700 1187 1781 quod
1215 1722 1284 1761 eum

242 1811 342 1872 Rhodi
365 1829 502 1894 agentem
522 1811 608 1874 nullo
628 1809 727 1872 allicio
757 1809 907 1872 coluisset.
962 1808 1027 1870 Nec
1052 1807 1086 1872 id
1113 1807 1285 1870 Archelaus

243 1939 298 1998 per
318 1920 490 1999 superbiam
514 1917 674 1993 omiserat,
697 1915 751 1978 sed
777 1915 817 1974 ab
839 1915 952 1976 intimis
981 1917 1108 1998 Augusti
1139 1917 1284 1994 monitus,

241 2028 312 2108 quia
335 2025 459 2086 florente
494 2026 571 2086 Gaio
592 2016 727 2084 ¹Caesare
756 2025 905 2105 missoque
933 2021 972 2082 ad
1002 2044 1050 2083 res
1073 2023 1209 2086 Orientis
1232 2021 1328 2103 in-‚15

241 2144 310 2196 tuta
334 2134 453 2196 Tiberii
474 2136 604 2196 amicitia
627 2133 821 2199 credebatur.
873 2135 920 2196 Ut
940 2155 1028 2196 versa
1051 2134 1212 2194 Caesarum
1235 2156 1286 2196 su-

241 2243 311 2304 bole
332 2243 497 2326 imperium
517 2242 643 2324 adeptus
663 2251 719 2319 est,
742 2241 824 2302 elicit
838 2241 1025 2304 Archelaum
1041 2242 1145 2302 matris
1166 2242 1300 2320 titteris,
1401 2263 1402 2270 ¹

241 2371 320 2430 quae
339 2371 400 2410 non
423 2347 620 2410 dissimulatis
637 2347 691 2408 lilii
712 2347 933 2426 offensionibus
963 2346 1156 2410 clementiam
1175 2351 1284 2414 offere-

162 2526 165 2530 ·
241 2459 313 2541 bat,
345 2457 369 2518 si
394 2457 432 2516 ad
455 2457 644 2542 precandum
667 2458 820 2524 veniret..
837 2456 893 2518 llle
921 2459 1043 2538 ignarus
1073 2458 1134 2520 doli
1164 2462 1230 2539 vel,
1258 2466 1283 2522 si

240 2565 408 2648 intelligere
428 2565 628 2642 crederetur,
660 2569 721 2626 vim
741 2577 894 2642 metuens,
916 2566 946 2626 iu
976 2567 1083 2628 urbem
1113 2581 1329 2650 properatpao

242 2686 442 2756 exceptusque
467 2675 577 2736 immiti
598 2697 615 2734 a
637 2675 772 2757 principe
792 2685 825 2736 et
844 2696 912 2734 mox
929 2684 1089 2734 accusatus
1111 2678 1143 2734 iu
1163 2691 1281 2755 senatu,

240 2803 300 2843 non
322 2783 362 2844 ob
388 2784 528 2854 crimina:
551 2795 628 2866 quae
650 2783 854 2866 fingebantur,
876 2781 928 2844 sed
949 2803 1071 2864 angore,
1086 2782 1176 2842 simul
1189 2785 1282 2846 sessus

240 2894 345 2965 senio,
369 2901 399 2952 et
422 2893 494 2972 quia
515 2893 636 2974 regibus
665 2913 773 2973 aequa,
795 2890 909 2950 nedum
930 2889 1035 2950 infima
1058 2891 1178 2952 insolita
1196 2905 1281 2970 sunt,

182 3001 186 3014 “
241 2996 333 3056 finem
357 2998 437 3058 vitae
458 3009 565 3078 sponte
588 2979 711 3060 an⁸fato
734 2999 880 3081 implevit.
922 2999 1059 3080 Regnum
1097 3001 1129 3060 in
1156 3006 1280 3081 provin·
1382 3063 1383 3066 ,

240 3105 319 3164 ciam
342 3105 497 3166 redactum
519 3113 576 3184 cst,
599 3108 809 3189 fructibusque
829 3109 894 3167 eius
915 3105 1010 3167 levari
1041 3127 1127 3186 posse
1151 3103 1329 3170 centusi-25

233 3231 308 3292 imae
329 3211 457 3294 vectigal
479 3213 629 3294 professus
653 3214 765 3274 Caesar
794 3213 1030 3274 ducentesimam
1059 3213 1090 3274 in
1125 3226 1280 3297 posterum

239 3320 357 3380 statuit.
399 3311 557 3380 Paridem
577 3333 697 3402 tempus
719 3318 873 3380 Antiocho
896 3318 1186 3404 Commagenum,
1204 3325 1280 3386 Phi-

157 3410 164 3420 *
242 3425 377 3507 lopatore
400 3430 531 3490 Cilicum
556 3428 677 3510 regibus
698 3426 869 3502 defunctis,
902 3426 1105 3488 turbabantur
1129 3430 1276 3508 nationes,

239 3534 392 3618 plerisque
412 3537 595 3611 Romanum,
618 3533 684 3594 aliis
699 3531 816 3613 regium
836 3533 996 3614 imperium
1018 3537 1227 3617 cupientibus3
1251 3551 1280 3598 et

239 3643 412 3724 provinciae
435 3644 523 3704 Suria
544 3651 634 3720 atque
657 3639 778 3714 Iudaea,
803 3639 896 3698 fessae
913 3641 1073 3721 oneribus,
1094 3642 1327 3708 deminutio-30

246 3796 585 3812 -..η-*Μ

300 3889 351 3978 39.
371 3920 477 3976 gnarus
497 3906 534 3956 Μ.

311 4021 350 4070 ²7·
371 4018 609 4070 commagenonwn
629 4003 666 4055 M.
