2900 4706
513 296 587 358 nra.
608 291 675 356 xv.
708 293 802 353 aar.
823 293 984 363 rurs..
1171 293 1232 364 us
1290 381 1293 400 Ι

214 501 303 554 crim,
325 483 355 542 in
377 497 441 560 qiro‘
461 479 577 545 lacinus
598 477 790 559 parabatur),
807 525 809 534 ,
825 477 876 556 qui
903 476 1020 538 occulta
1050 459 1380 543 coniuratio-(actus)

217 590 262 648 nis
288 589 410 648 numine
439 590 605 658 retexissem
635 597 728 666 utque
750 587 931 654 circensium.
957 583 1125 646 Cerealium
1153 583 1236 656 ,ludt-

215 716 301 754 crum
325 696 464 776 pluribus
485 715 630 776 equorum
660 691 796 754 cursibus
821 692 1044 770 celebraretur,
1073 694 1238 772 mensisque

217 802 330 882 Aprilis
350 804 480 864 Neronis
498 812 727 883 cognomentum
754 803 924 883 acciperet,
961 803 1111 882 templum
1143 799 1238 859 Saluti

178 923 197 984 5
217 901 418 972 exstrueretur
439 931 474 973 ao
497 910 569 986 loci,
590 929 623 971 er
644 930 705 989 quo
725 908 889 971 Scaevinus
909 908 1024 969 ferrum
1040 917 1236 989 prompserat.

215 1019 279 1098 lpse
298 1039 365 1078 eum
386 1019 545 1098 pugionem
574 1013 655 1097 apud
676 1012 858 1095 Capitolium
888 1017 1038 1090 sacravit,
1071 1013 1244 1094 inscripsit?

214 1145 272 1203 que
294 1125 359 1184 lovi
389 1098 510 1190 vindici.
534 1124 568 1182 ln
597 1143 735 1204 praeseus
765 1121 845 1183 haud
871 1121 1136 1194 animadversum,
1170 1132 1239 1203 post

215 1253 298 1290 arma
321 1231 388 1290 Iulii
419 1231 554 1292 Vindicis
582 1230 621 1290 ed
647 1231 812 1310 auspicium
844 1241 875 1288 et
902 1231 1090 1312 praesagium
1118 1229 1240 1292 futurae

216 1339 339 1398 ultiouis
360 1337 544 1402 trahebatur.
568 1337 695 1417 Reperio
718 1338 748 1394 iu
771 1339 991 1399 commentariis
1013 1349 1133 1410 senatus
1152 1339 1238 1404 Ceri·

163 1475 198 1513 10
214 1446 291 1506 alem
321 1447 458 1517 Anicium
488 1443 642 1507 consulem
666 1442 854 1522 designatum
874 1462 931 1521 pro
950 1445 1100 1517 sententia,
1118 1444 1235 1520 dixisse,

160 1551 166 1556 ’
212 1566 245 1614 ut
266 1554 412 1635 templum
435 1550 506 1610 divo
527 1549 639 1610 Neroni
661 1569 752 1630 quam
774 1548 948 1608 maturrime
962 1547 1082 1628 publica
1110 1552 1238 1632 pecunia

210 1671 387 1740 poneretur.
429 1659 515 1736 Quod
534 1657 654 1740 quidem
676 1655 727 1716 illc
750 1653 931 1716 decernebat
946 1659 1090 1736 tanquam
1110 1654 1237 1726 mortale

210 1765 359 1846 fastigium
381 1785 498 1846 egresso
520 1775 549 1826 et
571 1763 796 1844 venerationem
815 1762 972 1824 hominum
996 1763 1118 1840 merito,
1139 1783 1236 1843 quou-

211 1867 281 1938 dam
303 1870 462 1930 adomim
484 1865 619 1952 [dolum]
639 1867 686 1930 sui
710 1867 804 1928 exitus
826 1874 1012 1927 verteretur:
1054 1887 1123 1930 nam
1143 1868 1236 1930 deum

128 1967 133 1976 “
157 1983 191 2044 15
210 1973 308 2036 honor
326 1977 455 2059 principi
478 1997 538 2038 oon
560 1986 629 2036 ente
648 1973 798 2052 habetur,
817 1992 909 2054 quam
929 1993 1018 2054 agere
1038 1973 1117 2036 inter
1138 1973 1236 2038 homi·
1285 1989 1288 2002 ’

209 2101 263 2142 nes
279 2083 413 2149 desierit.

624 2270 818 2286 m

258 2375 265 2397 ’
348 2453 349 2458 ¹
425 2481 426 2485 .
459 2433 579 2496 ainau
597 2433 756 2496 sexsus
782 2415 973 2502 onaiuus'.

266 2640 457 2692 'Breviarium
493 2641 567 2694 ratu
588 2641 708 2694 muneri
727 2643 757 2692 in
777 2642 866 2694 Africa
888 2643 1001 2710 reperti,
1019 2643 1104 2713 taque
1124 2646 1233 2700 ilsNe·

204 2737 279 2788 'sonis
318 2735 430 2788 vanitas.
486 2735 542 2805 Qui
585 2737 684 2790 Romae
717 2738 922 2808 quinquennale
961 2743 1097 2794 certamen
1127 2746 1229 2802 certat,

208 2847 316 2897 prorsus
334 2827 497 2884 histrionum
516 2829 545 2884 iu
561 2845 671 2883 morem.
706 2819 829 2904 Poppaea
850 2830 982 2897 moritur,
1015 2833 1096 2900 cique
1114 2835 1232 2902 amplum

208 2927 289 2976 funus
308 2926 425 2978 ductum.
462 2926 546 2988 Gaius
564 2927 671 2984 Cassius
690 2935 718 2980 et
734 2929 833 2982 Lucius
852 2929 959 2980 Silanus
977 2927 1005 2977 tn
1023 2927 1147 2978 exsilium
1174 2930 1233 2996 pel-

209 3017 320 3078 luntur,
338 3018 471 3088 posterior
489 3018 607 3090 denique
624 3018 787 3072 interficitur
811 3035 842 3070 sc
861 3019 951 3090 plures
977 3020 1033 3073 alii.
1070 3022 1100 3073 ln
1120 3021 1232 3092 Campa·

206 3111 253 3164 uia
272 3111 411 3181 magnast
436 3113 552 3182 prodigii
573 3114 631 3167 loco
663 3121 815 3182 tempestas.
851 3116 965 3169 Anteius
994 3125 1022 3168 et
1046 3107 1170 3168 Ostorius
1197 3117 1232 3170 ad

207 3213 319 3258 mortem
345 3209 578 3275 aguntur‚Mels,
598 3209 754 3278 Crispinus,
787 3211 936 3264 Petronius.
982 3211 1100 3264 Thrasea
1134 3213 1230 3264 Paetus

208 3302 288 3352 etiam
308 3297 662 3363 accusatur‚'tuuclumeu
691 3303 805 3356 Romani
832 3303 925 3371 orbis,
957 3315 985 3359 et
1005 3307 1088 3360 Birra
1105 3306 1230 3360 Soranus.

210 3394 395 3455 Damaratus,
414 3395 511 3461 stipsi
532 3410 561 3445 se
579 3395 732 3448 absolvunt.

277 3490 345 3542 Auni
365 3493 445 3544 unius
463 3490 530 3542 haec
548 3497 620 3561 gesta
630 3528 638 3553 ,
657 3492 722 3561 quia
740 3491 846 3563 reliqua
865 3491 930 3546 libri
947 3493 1034 3548 fatum
1052 3494 1162 3548 inridit.

207 3629 247 3640 n—
255 3631 495 3641 ——----—--·--

280 3737 316 3786 13.
336 3741 553 3814 reiterationem}
572 3745 716 3804 ueneratio
735 3745 798 3797 item
824 3743 879 3810 Μις
894 3748 1011 3799 correxit
1029 3745 1177 3797 Rhenanus.
1267 3740 1277 3754 ⁵

280 3834 316 3882 13.
334 3835 479 3906 quondam]
520 3841 693 3908 quorundam
731 3839 843 3892 codices.
877 3841 958 3911 Quod
991 3843 1113 3911 sequitur
1138 3841 1227 3895 dolum
1287 3864 1290 3876 .

208 3919 371 3978 tiridatem
388 3927 424 3994 (G
442 3928 517 3998 dolo)
535 3949 568 3985 ex
584 3931 767 4002 dittographis
784 3943 877 3987 natam
895 3937 1019 3990 conlisis.
