2900 4724
462 325 534 384 uu
559 323 642 383 xm.
689 322 777 387 car.
798 311 929 388 sit—'st
1132 325 1191 386 ars

170 521 217 558 aas
234 521 303 565 esse.
332 500 433 561 Solem
457 502 564 561 deinde
588 501 749 582 respiciens
774 511 803 560 et
825 511 925 559 cetera
950 475 1054 560 sidera
1071 509 1223 571 vocatum·
1243 501 1274 557 C.
1323 541 1327 554 .

171 611 252 690 quasi
276 630 375 668 coram
399 609 623 688 interrogabat,
649 607 799 667 vellentne
820 605 959 666 contueri
981 607 1067 664 inane
1088 605 1192 665 solum:

171 717 270 793 potius
292 738 377 775 mare
407 716 659 794 superfunderent
694 715 836 773 adversus
855 726 1003 774 terrarum
1033 724 1195 792 ereptores,

115 821 210 898 56‘Et
232 833 401 883 commotus
420 824 467 882 his
491 824 619 898 Avitus,
643 822 782 902 patienda
805 821 967 880 meliorum
996 823 1140 903 imperia:
1164 822 1196 882 id

132 923 151 984 5
173 928 218 988 dis
240 949 314 1007 qrros
337 927 534 1008 implorarent
555 928 719 1008 placitum,
743 941 776 1016 ut
796 929 953 988 arbitrium
976 949 1067 1008 penes
1087 931 1196 988 Roma·

170 1059 224 1096 uos
249 1050 401 1109 maneret,
421 1038 621 1118 quid'dareut
643 1039 716 1118 quid
733 1037 919 1112 adimerent,
941 1057 1038 1117 neque
1061 1036 1134 1097 ahos
1157 1039 1197 1095 iu·

169 1146 247 1202 dices
265 1163 355 1223 quam
371 1165 401 1202 se
422 1147 501 1222 ipsos
522 1155 712 1223 paterentur·
752 1144 845 1204 llaec·
858 1145 887 1202 iu
905 1143 1060 1224 publicum
1082 1143 1196 1224 Ampsi-

169 1253 263 1311 variis
282 1253 451 1330 respondit,
476 1254 531 1332 ipsi
550 1252 690 1312 Boiocalo
711 1252 751 1310 ob
773 1257 949 1312 memoriam
976 1255 1123 1313 amicitiae
1144 1253 1196 1312 da·

168 1371 273 1419 turum
287 1379 383 1440 agros.
428 1359 516 1434 Quod
538 1359 588 1418 ille
611 1371 642 1418 ut
664 1359 845 1439 proditionis
861 1360 991 1438 pretium
1008 1373 1217 1440 aspernatus,‘

113 1492 149 1533 io
171 1467 288 1530 addidit
309 1466 408 1526 deesse
430 1466 517 1526 nobis
539 1468 668 1524 terrain
689 1485 749 1543 qua
772 1466 926 1543 vivamus,
950 1465 1058 1541 inqua
1086 1469 1196 1526 moria·

169 1595 255 1648 rnur,
277 1595 338 1634 uon
360 1584 467 1653 potest.
513 1577 611 1653 Atque
635 1575 675 1632 ita
697 1572 819 1632 infensis
839 1573 982 1651 utrinque
1010 1575 1116 1630 animis
1138 1574 1195 1632 dis·
1254 1586 1257 1598 '

168 1701 293 1742 cessum.
337 1677 384 1737 lili
409 1679 573 1736 Bruttcros
593 1679 787 1752 Tencteros,
809 1676 973 1736 ulteriores
1002 1661 1092 1744 etiarn
1119 1682 1196 1736 uati·
1231 1698 1242 1716 ⁸

166 1809 237 1847 ones
258 1791 354 1846 socias
375 1785 457 1847 bello
486 1787 647 1845 vocabant.
694 1786 803 1843 Auitus
830 1783 942 1862 scripto
972 1782 1010 1842 ad
1034 1783 1195 1842 Curtilium

166 1897 316 1954 Manciam
338 1895 500 1973 superioris
524 1895 672 1952 exercitus
692 1887 846 1974 legatum,
870 1899 903 1948 ut
932 1890 1069 1948 Rhenum
1096 1901 1196 1950 trans.

83 2011 85 2016 ’
114 2006 150 2067 ι5
170 2023 285 2084 gressus
306 2023 429 2060 armna
449 2012 535 2081 tergo
559 2000 746 2072 ostenderet,
771 2001 834 2078 ipse
869 1995 1000 2080 legiones
1029 1998 1058 2055 in
1091 2019 1197 2079 agrurn

168 2109 350 2168 Tencterum
372 2107 510 2178 induxit,
541 2105 687 2164 excidium
718 2105 877 2184 minitans,
911 2110 941 2162 ni
968 2124 1088 2164 causatu
1111 2127 1196 2166 suam
1295 2165 1299 2172 ,

145 2215 369 2273 dissociamur.
422 2213 519 2295 igitur
550 2213 760 2273 absistentibus
791 2210 838 2270 his
867 2215 929 2292 pari
961 2222 1041 2270 metu
1062 2213 1195 2272 exterriti

166 2318 314 2382 Bructeri.
357 2318 397 2378 Et
417 2317 523 2377 ceteris
545 2339 668 2397 quoque
683 2315 782 2376 alieua
813 2316 952 2396 pericula?
966 2316 1196 2394 defendentihus

168 2425 228 2484 sola
254 2422 511 2502 Ampsivariorum
541 2444 614 2504 geris
645 2433 727 2482 retro
759 2422 796 2480 ad
830 2423 951 2500 Usipios
981 2434 1012 2481 et
1042 2415 1197 2486 Tubantes

109 2561 150 2602 20
167 2533 325 2590 concessit.
371 2532 511 2606 Quorum
537 2531 629 2588 terris
650 2531 744 2588 exacti
773 2550 842 2587 cum
866 2529 1002 2602 Chattos,
1025 2529 1094 2590 dein
1117 2531 1196 2590 Che-

165 2657 267 2695 ruscos
298 2639 456 2715 petissent,
479 2653 581 2691 errore
602 2631 713 2712 longo,
750 2633 898 2711 hospites,
938 2636 1045 2714 egeni,
1079 2635 1191 2712 hostes,

165 2744 197 2802 in
219 2741 337 2817 alieno,
358 2739 441 2820 quod
462 2741 630 2797 iuventutis
651 2749 736 2814 erat,
759 2737 948 2814 caeduntur;
968 2723 1094 2799 irnhellis
1116 2755 1194 2802 actas

165 2852 196 2906 in
220 2848 361 2928 praedam
384 2846 479 2906 divisa
500 2855 553 2907 est

110 2978 166 3058 57
250 2956 364 3014 Eadem
393 2965 503 3013 aestate
525 2954 604 3010 inter
626 2950 857 3010 Hermunduros
889 2952 1075 3034 Chattosque
1105 2967 1192 3017 certa

108 3081 149 3142 25
170 3075 234 3123 tum
258 3082 365 3142 magno
384 3061 521 3142 praelio,
543 3060 614 3118 dum
639 3059 752 3119 ssumeu
776 3059 925 3138 gignendo
949 3059 1010 3118 sale
1033 3062 1193 3124 fecundum

166 3180 197 3230 et
220 3171 441 3250 conterminum
464 3169 493 3227 vi
514 3167 639 3225 trahunt
651 3187 772 3244 ,snper
799 3163 950 3224 libidinem
975 3180 1081 3228 currcta
1103 3175 1194 3233 armis

166 3277 275 3360 agendi
302 3277 448 3359 religione
484 3275 596 3351 insita,
631 3295 680 3334 eos
719 3275 844 3332 maxime
880 3273 960 3333 locos
992 3279 1194 3358 propinquare

204 3495 208 3508 f
254 3493 274 3525 ι.
292 3474 442 3544 dispiciens
460 3473 552 3526 AEMt.
571 3473 634 3524 uox
652 3473 674 3539 4.
692 3472 800 3524 habitus
818 3471 869 3522 M2.

250 3549 275 3624 a.
294 3569 418 3622 totocclo
438 3568 486 3619 Ma,
522 3569 590 3618 Dcin
622 3587 661 3622 ro.
679 3582 754 3620 terra
774 3568 803 3617 in
822 3583 878 3635 qna
905 3566 1032 3618 vivamus
1052 3565 1191 3618 Rlienauur
1241 3565 1246 3576 '

166 3671 192 3714 ct
212 3665 248 3714 t:
267 3677 368 3716 terram
389 3665 477 3714 vivam
499 3661 595 3717 nunu.
656 3669 660 3677 “

164 3800 167 3806 .
235 3773 275 3807 aa.
297 3759 354 3809 alio
373 3755 413 3813 (h.
434 3772 456 3808 e.
475 3758 532 3809 alto
551 3760 606 3807 sire
625 3757 728 3820 alieno)
748 3755 797 3805 Μ’.

234 3856 273 3917 ²4·
292 3851 396 3901 carthus
413 3856 439 3897 ct
458 3851 556 3902 (triade
568 3849 676 3900 *cottlu'a
694 3849 741 3898 Ma,
764 3850 844 3902 uicto
862 3843 921 3918 post
932 3847 1072 3928 libidinem
1086 3846 1192 3896 Rhena-

124 3971 129 3984 κ
163 3961 226 3997 nur:
249 3944 353 3996 codices
370 3939 493 3996 libidine.
