2900 4724
504 304 577 368 LlB.
597 309 650 368 Xl.
690 309 780 368 'CAR
802 315 933 378 25-29·
978 258 983 288 ¹
1175 309 1233 376 291

144 537 145 544 ,
209 483 388 548 sacriticasse
411 489 490 570 apud
513 489 604 568 dcns;
628 489 810 550 discubitum
833 491 912 550 inter
932 491 1093 565 convivas3
1125 487 1276 562 oscula‚(¹
1292 485 1382 557 ὒιὶιὸιῤ

209 595 404 676 complesus3
427 607 544 657 noctem
567 598 698 678 denique
720 610 816 658 actam
839 598 958 658 licentia
978 595 1136 678 coniugali.
1182 596 1240 661 sed
1360 595 1363 598 ’

210 697 287 757 nihil
307 701 505 781 compositum
528 683 665 762 miraculi
687 717 795 776 cansa,
823 723 929 762 verum
952 702 1055 763 audita
1074 707 1242 785 scriptaque
1286 717 1288 722 “
1344 741 1345 744 =

153 793 379 875 d8seni0ritms
401 807 528 899 tradant.
571 811 670 892 Igitur
703 809 811 869 domus
847 810 995 890 principis
1026 809 1243 888 inhorruerat3

176 895 397 998 lmasimequc
417 933 606 998 quospenes
627 918 762 998 potentia
786 927 832 993 et,
854 917 878 977 si
904 937 952 978 res
975 911 1160 995 veterentur,
1182 916 1245 978 for·

210 1023 311 1099 mido,
333 1046 393 1084 non
420 1028 479 1086 ianr
510 1025 630 1088 secretis
665 1025 842 1109 colloquiis,
865 1025 927 1088 sed
960 1037 1067 1108 aperte
1095 1027 1245 1096 fremere,

211 1128 283 1200 dnm
301 1129 412 1191 histrio
433 1130 606 1191 cubiculum
632 1131 773 1213 principis
798 1130 1008 1209 exsultaverit,
1032 1129 1158 1191 dedecus
1179 1129 1251 1210 qui·

212 1233 283 1296 dem
303 1234 432 1320 illatum,
451 1237 505 1298 sed
527 1237 686 1298 discidium
708 1233 814 1319 procul
835 1238 982 1312 abluisse:
1009 1253 1088 1298 nnnc
1109 1210 1289 1298 inveneml

205 1335 344 1404 nobilem
359 1377 371 1419 ,
389 1341 535 1423 dignitate
556 1343 695 1418 formae,
712 1345 742 1401 vi
761 1346 889 1420 arentis,
917 1365 952 1402 ac
974 1345 1147 1424 propinquo
1177 1359 1250 1403 con·

158 1454 195 1500 ι0
215 1447 314 1512 sulatu
336 1451 484 1512 maiorem
506 1453 543 1512 ad
576 1450 808 1532 spem'accingi.
858 1449 921 1510 Nec
958 1454 1037 1508 enim
1071 1451 1249 1523 occultum,

147 1583 150 1590 ·
211 1557 287 1638 quid
308 1569 376 1638 post
396 1553 457 1618 tale
479 1558 705 1618 matrimonium
725 1565 905 1640 superesset.
948 1555 1077 1616 Su'hibat
1102 1558 1165 1618 sine
1192 1545 1251 1616 dn·

213 1664 264 1725 bio
284 1675 380 1724 metus
407 1671 584 1744 reputantes
613 1663 752 1722 hebetem
773 1659 934 1720 Claudium
959 1670 988 1720 et
1020 1651 1253 1719 uxori'dcvinc-

213 1783 280 1832 tum
298 1815 307 1847 ,
328 1769 496 1850 multasque
519 1778 632 1828 mortes
648 1769 729 1828 iussu
750 1765 930 1828 Messalinae
947 1775 1094 1848 patratas.
1136 1763 1252 1828 Rursus
1311 1801 1314 1804 ·

215 1877 277 1957 ipsa
299 1871 429 1936 facilitas
452 1879 645 1956 imperatoris
673 1875 816 1936 fiduciam
837 1872 952 1950 dabat,
974 1875 1174 1934 si-atrocitate
1194 1875 1254 1932 cri·

157 1981 194 2044 15
217 1984 306 2044 minis
326 1983 584 2066 praevaluissent,
608 2003 694 2064 posse
722 1983 851 2064 opprimi
876 1983 1048 2042 damnatam
1069 1987 1141 2040 ante
1159 1997 1252 2060 quam

214 2107 320 2154 ream,
350 2089 410 2150 Sed
435 2087 464 2149 io
488 2111 524 2150 eo
545 2089 707 2150 discrimen
727 2092 845 2169 verti,
866 2091 891 2149 si
913 2088 1047 2150 defensio
1070 2085 1250 2160 audiretur,

214 2205 310 2277 utque
331 2194 450 2256 clausae
464 2204 558 2256 'astrea
581 2199 670 2256 etiam
693 2195 848 2258 confitenti
870 2197 980 2261 forent.
1027 2203 1029 2206 '

152 2295 214 2376 29
299 2303 348 2362 Ac
370 2305 471 2382 primo
495 2302 654 2380 Callistus,
677 2303 738 2362 iam
760 2301 836 2383 mihi
859 2304 940 2363 circa
969 2317 1074 2364 necem
1097 2303 1154 2365 Gai
1176 2304 1254 2365 Cae·

204 2413 287 2472 saris
310 2413 466 2488 narratus,
489 2415 519 2472 et
542 2411 700 2493 Appianae
726 2411 825 2472 caedis
850 2409 972 2472 molitor
991 2411 1171 2486 Narcissus,
1194 2409 1252 2474 ila·

152 2553 195 2595 20
216 2517 470 2600 grantissimaque
492 2539 528 2579 eo
543 2519 572 2578 in
596 2531 732 2600 tempore
753 2520 849 2600 gratia
864 2517 964 2578 Pallas
984 2521 1153 2600 agitavere,
1176 2538 1251 2580 num

216 2623 409 2689 Messalinam
430 2629 550 2686 secretis
570 2627 659 2684 minis
679 2623 865 2705 depellerent
893 2632 998 2685 amere
1026 2623 1110 2694 Silii,
1147 2637 1254 2687 cuncta

159 2759 161 2766 ·
216 2733 274 2794 alia
307 2731 558 2794 dissimulantess
595 2733 667 2791 dein
699 2741 802 2804 metu,
831 2751 869 2792 oe
896 2730 936 2792 ad
974 2730 1140 2811 perniciem
1172 2717 1253 2792 ultro

216 2843 430 2916 traherentur,
462 2839 637 2911 desistunt,
688 2837 788 2898 Pallas
823 2855 878 2919 per
907 2837 1082 2920 ignaviam,
1113 2833 1254 2899 Callistus

218 2949 325 3026 prioris
348 2963 469 3026 quoque
490 2945 588 3026 regiae
615 2945 751 3026 peritus,
776 2955 805 3004 et
835 2946 1002 3025 potentiam
1032 2945 1127 3005 cautis
1160 2959 1252 3027 quarn

155 3065 199 3126 25
220 3053 341 3112 acribus
362 3051 495 3112 consiliis
519 3054 621 3118 tutius¹
636 3051 753 3112 haberi.
797 3051 940 3113 Perstitit
954 3048 1126 3128 Narcissus,
1151 3066 1185 3114 ut
1205 3075 1254 3115 so·

217 3159 283 3228 ¹lunt
305 3161 335 3220 id
360 3162 523 3219 immutans
558 3180 595 3219 ne
617 3180 677 3242 quo
709 3181 844 3222 sermone
878 3164 1042 3242 praesciam
1062 3163 1195 3223 criminis
1224 3172 1255 3222 et

217 3375 386 3426 concinnitas
407 3373 544 3436 concedit,
564 3381 595 3424 ut
613 3383 667 3425 tam
687 3373 760 3426 nude
774 3375 881 3428 ‘subisse
900 3365 1068 3428 admittatur:
1087 3371 1187 3440 temple
1205 3370 1254 3423 de-

219 3481 278 3518 esse
298 3468 422 3518 arbitror.
459 3467 522 3517 Mox
543 3465 680 3518 discubitu
700 3467 750 3520 Mt.

312 3575 334 3627 7.
352 3559 414 3611 dom
434 3559 533 3612 histrio
554 3559 607 3627 (vel
627 3557 743 3630 ln'struo)
764 3558 823 3614 cub.
840 3576 882 3627 pr.
901 3557 1059 3609 exaltabere
1071 3557 1120 3621 Mn,
1138 3559 1254 3610 correxit

226 3649 239 3702 '1
268 3653 309 3708 Fr,
329 3652 489 3708 Gronovius.
533 3631 595 3703 llos
618 3653 645 3702 in
666 3655 707 3712 Mt
737 3650 883 3706 discidium
907 3653 1012 3704 invenit
1037 3651 1194 3714 Victorius,
1227 3661 1253 3702 st

226 3744 343 3799 scidt'um
362 3735 484 3796 cienena.
879 3735 883 3738 ’

313 3860 337 3910 9.
352 3844 462 3912 formae
484 3841 607 3908 Lipsius:
628 3841 734 3892 codices
747 3841 849 3910 fisrma.
873 3841 934 3893 Mox
958 3841 1061 3896 sellai
1078 3839 1257 3905 emendices,

228 3936 303 3988 dedit
324 3936 452 3986 l'aerous.
489 3934 570 3984 Patrio
582 3944 642 4002 post
659 3937 702 3988 tt*
721 3953 763 3990 aa.
781 3936 864 3988 ultra·
899 3941 902 3946 '
