2862 4726
70 217 108 308 .’
204 217 292 310 'ose
366 267 370 296 ι
444 261 448 266 -
631 243 848 306 aunauuu

81 448 110 504 (ι
126 438 298 513 C.85.)que.
344 425 405 486 sed
429 436 521 506 ponte
548 423 678 485 navibus
700 423 809 486 effecto
829 427 1030 510 tramissoque
1044 429 1189 505 exercitu,
1213 430 1269 514 pri·

226 547 294 597 mu's
314 536 511 616 Ornospades
533 529 637 596 multis
662 535 798 616 equitum
824 535 948 598 milibus
977 542 1010 598 in
1037 550 1135 598 castra
1168 541 1268 625 venit,

188 725 189 732 ἵ
227 646 310 706 exsul
331 645 484 727 quondam
507 655 539 704 et
559 645 706 732 Tiberio,
732 665 801 704 curn
825 643 1031 706 Delmaticum
1051 646 1168 708 bellum
1195 669 1267 708 con·

139 817 141 822 ,
227 754 346 828 liceret,
369 751 452 814 haud
473 750 623 834 inglorius
643 751 829 828 auxiliator,
854 773 951 836 eoque
985 737 1109 828 eiiiiate
1133 757 1267 816 Romana

135 901 145 938 ,»
186 927 190 936 ,
226 863 371 940 donatus,
396 883 464 922 mox
485 860 617 942 repetita
637 861 768 921 amicitia
788 865 869 944 regis
893 862 990 924 multo
1011 835 1093 960 apid
1118 886 1188 926 eum
1209 865 1263 926 bo·
1282 861 1297 924 5

226 993 311 1046 nore,
327 969 499 1054 praefectus
519 969 633 1048 campis
648 970 702 1050 qui
721 969 878 1052 Euphrate
893 983 924 1032 at
945 974 1038 1055 Tigre
1060 972 1184 1039 inclutis
1203 963 1267 1033 am·

225 1077 314 1138 nibus
335 1075 504 1138 circumflui
526 1075 765 1158 Mesopotamiae
788 1098 901 1138 nomen
924 1091 1115 1160 acceperunt.
1165 1047 1267 1162 Neque

225 1189 323 1248 multo
357 1197 423 1267 post
464 1187 609 1248 Sinnaces
650 1197 740 1270 auget
781 1190 904 1268 copias,
950 1198 980 1250 et
1015 1177 1158 1250 columen
1194 1211 1266 1271 par·

184 1298 301 1388 'tium
324 1295 495 1376 abd-ageses
515 1315 617 1378 gazam
643 1301 674 1354 et
693 1306 817 1376 parents
836 1295 934 1377 regios
965 1295 1084 1386 adiicit.
1126 1296 1266 1358 Vitellius
1370 1281 1376 1292 ³

170 1440 196 1454 f·
224 1415 389 1466 ostentasse
409 1405 547 1466 Romana
568 1425 655 1466 arma
675 1406 748 1466 satis
769 1414 869 1494 ratus,
897 1415 1002 1465 mouet
1022 1405 1181 1468 Tiridaten
1201 1409 1264 1488 pri·
1285 1416 1316 1454 ¹⁰

137 1487 147 1510 ⁸
222 1533 400 1596 moresque,
421 1513 521 1588 hunc,
553 1511 701 1573 Phraatis
722 1509 772 1572 avi
792 1520 824 1570 et
857 1509 961 1571 altoris
995 1498 1154 1588 Caesaris,
1189 1535 1268 1594 quae

223 1623 391 1704 utrobique
415 1613 567 1702 pulchra,
593 1621 785 1702 meminerit,
818 1617 887 1680 illos
901 1663 911 1698 ,
945 1618 1126 1700 obsequium
1156 1622 1186 1681 in
1216 1643 1266 1682 re-

224 1753 309 1816 gem,
337 1731 542 1793 reverentiam
564 1731 597 1790 in
625 1703 704 1807 noi,
726 1727 819 1789 dacus
849 1729 978 1810 quisque
996 1733 1085 1790 suum
1114 1739 1144 1789 et
1174 1729 1266 1790 fident

223 1843 408 1902 retinerent.
450 1839 528 1900 Exin
552 1841 622 1900 cuin
642 1835 810 1918 legionibus
832 1839 864 1896 in
886 1835 1008 1898 Suriam
1028 1838 1186 1905 remeavit.

307 1951 395 2028 Quae
416 1947 532 2008 duabus
562 1943 729 2006 aestatibus
752 1951 840 2026 gesta
869 1945 1035 2024 coniunxi,
1056 1937 1321 2029 quarequiffigg
1415 1930 1420 1983 i

222 2046 320 2118 sceret
341 2055 461 2118 animus
482 2075 500 2112 a
532 2049 705 2110 domesticis
727 2047 827 2110 matta
878 2050 948 2110 Non
973 2053 1056 2114 enim
1089 2051 1266 2124 Tiberium,

223 2181 398 2245 quanquam
418 2157 554 2220 triennio
575 2152 643 2238 post
663 2155 787 2216 caedem
809 2157 932 2236 Seiani,
953 2181 1032 2240 quaa
1060 2170 1175 2222 ceteros
1198 2162 1269 2222 mol·
1410 2170 1420 2313 Ι

222 2271 284 2332 lire
314 2269 428 2342 solent,
458 2277 580 2348 tempus
601 2285 706 2347 preces
727 2269 817 2326 satias
840 2267 1041 2350 mitigabant,
1059 2272 1133 2353 quin
1155 2273 1268 2333 incerta

136 2448 144 2465 ·
223 2353 272 2440 iet
291 2375 404 2438 abolita
423 2395 479 2457 pro
500 2373 684 2457 gravissimis
710 2385 740 2435 et
760 2377 936 2454 recentibus
958 2379 1091 2460 puniret.
1117 2379 1166 2440 Eo
1186 2390 1268 2442 metu

221 2484 381 2550 Fulcinius
402 2485 476 2546 Trio
498 2483 669 2565 ingruentis
688 2489 878 2546 accusatores
897 2484 981 2546 baud
1010 2507 1186 2568 perpessus,
1215 2509 1266 2548 su·
1286 2500 1325 2540 2⁰

220 2597 333 2678 premis
354 2593 466 2656 tabulis
490 2593 588 2656 multa
609 2604 640 2654 et
665 2597 780 2656 atrocia
795 2596 826 2654 in
844 2595 1022 2656 Macronem
1038 2615 1073 2655 ac
1087 2597 1269 2678 praecipuos
1415 2598 1421 2665 l

131 2720 139 2749 ¹
221 2701 403 2765 libertorum
425 2703 561 2764 Caesaris
582 2703 774 2784 composuit,
799 2704 856 2786 ipsi
873 2703 992 2788 ‘fluxam
1021 2703 1105 2764 senio
1137 2715 1269 2766 mentem
1320 2783 1326 2791 υ
1415 2676 1421 2719 ¹

220 2823 253 2875 et
272 2816 418 2898 continuo
443 2811 590 2904 abscessu
607 2811 694 2870 velut
715 2809 851 2872 exsilium
880 2810 1069 2884 obiectando.
1114 2813 1203 2889 Quae
1229 2811 1267 2872 ab

220 2919 385 2988 heredibus
407 2917 556 2980 occultata
587 2921 712 2980 recitari
735 2919 877 2979 Tiberius
905 2919 1008 2993 iussit,
1033 2919 1212 3002 patientiam
1231 2918 1268 2982 li-

160 3103 164 3120 (
220 3027 347 3090 bertatis
369 3027 485 3088 alienae
501 3037 658 3089 ostentans
682 3037 713 3088 et
737 3037 928 3108 contemptor
948 3049 1020 3088 suae
1039 3028 1205 3104 infamiae,
1228 3051 1265 3090 an
1287 3015 1326 3084 ²5

211 3133 371 3212 ¹scelernm
395 3136 496 3228 Seiani
519 3135 572 3197 diu
597 3138 741 3214 nescius,
764 3157 832 3198 mox
855 3157 980 3218 quoquo
1001 3136 1092 3197 modo
1106 3135 1188 3198 dicta
1202 3137 1269 3200 vul-

221 3243 287 3326 gari
310 3247 465 3324 malebat,
487 3247 707 3330 veritatisque,
733 3246 782 3306 cui
810 3245 944 3307 adulatio
965 3245 1084 3324 officit,
1117 3268 1174 3328 per
1196 3267 1266 3329 pro-

110 3390 112 3394 ·
220 3352 401 3424 brasaltem
417 3375 531 3439 gnarus
553 3354 629 3417 fieri.
670 3351 770 3413 Isdem
805 3353 910 3415 diebus
927 3355 1063 3426 Granius
1093 3355 1268 3416 Marcianus

218 3543 443 3561 *no-un·-

310 3651 335 3702 9.
357 3632 446 3689 adicit
466 3651 499 3685 ex
517 3634 555 3692 Μ,
572 3631 721 3686 Bellorus.
790 3669 793 3673 ,
863 3663 865 3666 -

183 3730 186 3735 “
215 3754 219 3772 s
292 3746 330 3780 ιι.
350 3727 385 3800 et]
406 3742 436 3780 ut
455 3731 498 3791 M;
516 3710 635 3781 correxit
653 3727 807 3778 Rhenanus.
830 3727 896 3780 Mox
915 3728 1063 3800 utrubique
1081 3732 1120 3788 tt.

290 3829 330 3878 28.
350 3841 457 3892 grauns
475 3823 638 3876 marcianus
658 3825 700 3875 M=
721 3822 844 3874 Granius
858 3825 1028 3896 Martianus»
1042 3825 1179 3879 editiones
1201 3833 1262 3877 ante
1309 3876 1313 3880 .

219 3917 426 3971 bellerionam.
901 3900 903 3908 ,
