2862 4730
363 387 365 394 .
451 399 454 402 ,
487 314 561 394 mn
586 333 622 394 n.
668 335 753 394 cnr.
776 335 865 428 154⁸
1138 342 1200 408 ²69

161 517 255 579 debat
275 514 474 600 dedignantes
496 527 527 578 et
547 518 633 600 ipse,
665 517 803 580 diversus
822 538 841 578 a
862 518 1016 581 maiorum
1042 519 1200 597 institutis,
1211 531 1238 603 (a
1252 533 1280 584 C.
1293 533 1342 606 16.)

89 699 93 713 1
158 648 229 688 raro
250 637 384 703 venatu,
403 627 487 708 segni
509 647 659 710 equorum
680 647 773 705 cura,
802 628 941 711 quotiens
961 648 1015 710 per
1036 627 1126 690 urhes
1151 631 1201 690 iu.

157 735 300 812 cederet,
331 733 455 796 lecticae
475 736 658 815 gestamine,
689 735 829 818 fastuque
854 753 927 818 erga
946 735 1199 818 patrias'epulas.

158 842 371 904 irridebantur
403 851 433 904 et
464 845 574 904 Gracci
604 845 749 920 comites,
781 867 816 906 ac
843 841 989 906 vilissima
1020 845 1200 906 utensilium

121 957 139 1019 5
157 951 250 1011 anulo
272 952 387 1013 clausa.
429 951 490 1012 Sed
513 951 650 1034 prompti
670 952 794 1029 adi-tus,
824 952 915 1013 ohvia
937 954 1087 1034 comitas,
1114 955 1200 1036 igno-

155 1070 206 1120 tae
227 1057 353 1122 Partliis
373 1060 515 1138 virtutes,
547 1071 629 1120 nona·
651 1061 742 1138 vitia,
778 1071 809 1122 et
838 1063 911 1144 qnia
939 1062 1076 1146 ipsorum
1104 1057 1200 1123 mori.

112 1157 210 1235 3bus
233 1167 352 1242 aliena,
374 1167 503 1252 perinde
524 1167 628 1229 odium
653 1172 759 1252 pravis
777 1177 809 1228 et
830 1168 976 1231 honestis.
1021 1173 1116 1253 Igitur
1135 1157 1198 1230 Ar-

153 1277 281 1338 tabanus
314 1275 532 1338 Arsacidarum
555 1277 740 1360 esauguine
766 1276 847 1358 apud
872 1277 976 1339 Dahas
1000 1279 1125 1340 adultus
1148 1301 1199 1349 ex·

153 1388 261 1464 citur,
283 1385 457 1468 'primoque
488 1403 653 1468 congressu
683 1367 769 1446 fusus
799 1395 922 1466 reparat
944 1387 1022 1448 vires
1043 1408 1200 1469 regnoque

111 1495 289 1576 ropetitur.
345 1493 438 1555 Victo
466 1488 592 1553 Vononi
616 1493 793 1576 perfugium
815 1493 965 1554 Armenia
986 1495 1066 1572 suit,
1102 1517 1197 1556 vacua

152 1612 228 1662 tunc
249 1601 388 1683 interqhe
403 1599 596 1661 Parthorum
617 1610 647 1660 et
665 1601 820 1660 Roma-uas·
839 1622 911 1681 opes
932 1601 1025 1660 iulide
1041 1601 1082 1661 ob
1101 1599 1200 1670 scelus

153 1709 304 1785 Antonii,
327 1711 381 1790 qui
402 1707 596 1768 Artavasden
619 1729 724 1792 regern
742 1695 957 1787 Armeniorum
976 1708 1078 1790 specie
1098 1709 1200 1768 amici·

146 1823 213 1902 tiae
236 1817 394 1896 illectum,
416 1815 488 1878 dein
510 1819 626 1878 catenis
648 1803 828 1895 oneratum,
860 1829 1015 1899 postremo
1035 1816 1196 1876 interiece-

151 1937 212 1993 rat.
254 1925 331 1988 Eius
351 1925 429 2014 filins
452 1925 619 2004 Artaxias,
653 1927 800 1986 memoria
821 1926 918 2008 patris
939 1925 1027 1986 nobis
1049 1923 1199 2000 infensus,

106 2029 368 2096 &Arsacidarum
389 2035 420 2093 vi
444 2053 535 2114 seque
556 2043 746 2118 regnumque
768 2044 882 2094 tutatns
905 2043 961 2094 est.
1006 2033 1116 2092 Occiso
1136 2029 1196 2090 Am

150 2145 230 2202 tuxia
253 2163 315 2224 per
331 2139 435 2202 dolum
457 2143 723 2224 propinquorum,
746 2141 833 2201 datus
854 2163 872 2200 a
893 2124 1022 2200 Cnesaie
1044 2139 1198 2210 Armeniis

97 2293 101 2302 ·
144 2249 319 2332 Tigranes,
339 2247 549 2331 deductusque
571 2249 603 2308 in
625 2243 796 2330 regnum'a
815 2247 943 2308 Tiberio
965 2249 1094 2310 Nerone.
1136 2245 1196 2307 Nee
1248 2296 1254 2304 .

149 2357 277 2442 'Rgrani
299 2356 482 2418 diuturnum
504 2357 666 2438 imperium
687 2355 744 2416 fnit
765 2377 865 2436 neque
879 2355 983 2415 liberis
996 2353 1074 2431 eius,
1096 2375 1193 2435 quan-

64 2506 70 2516 ·
151 2487 243 2547 quam
277 2465 398 2526 sociatis
425 2485 515 2523 more
537 2472 662 2524 externo
686 2464 717 2522 in
740 2459 967 2522 matrimonium
991 2483 1193 2543 regnumque.

108 2554 135 2641 le
149 2572 228 2634 Dein
243 2573 326 2634 iussu
349 2571 489 2657 Augusti
502 2570 665 2655 impositus,
683 2568 889 2649 Artavasdes,
911 2574 944 2632 et
965 2589 1027 2629 nou
1041 2569 1106 2630 sine
1132 2566 1194 2629 cln-

240 2839 265 2891 6.
285 2855 361 2892 nova
380 2839 466 2902 vitiu,
487 2838 514 2891 h.
533 2854 556 2890 e
572 2841 648 2892 'nova
670 2836 737 2891 vitia
757 2834 863 2890 Parthis
890 2841 968 2888 erant
986 2834 1043 2888 sive
1063 2833 1194 2892 videbaua
1220 2860 1222 2866 ·
1251 2857 1252 2860 ¹

150 2943 203 2988 tur.
239 2935 319 2988 Nova
340 2934 409 2990 haec
428 2938 496 2992 uitia
514 2937 666 3009 inique—eo
686 2937 799 2989 nomine
817 2917 917 2988 notata.
929 2939 1108 3004 opponuntur
1122 2935 1194 3012 renis
1278 2925 1281 2930 ’

150 3030 233 3086 ruodo
252 3031 483 3084 commemoratis„

241 3126 435 3196 parcioribus
455 3127 497 3180 M:
524 3126 647 3180 moribus
669 3109 786 3194 Lipsius.
821 3152 857 3166 -
893 3123 1002 3176 Codicis
1030 3124 1192 3192 scripturam

150 3220 281 3296 sqiiidcm
300 3237 360 3275 cum
376 3221 519 3278 Walthero
537 3223 678 3276 vindicare
697 3239 753 3274 non
774 3222 880 3284 ausim,
900 3240 961 3273 cnm
978 3238 1048 3293 qnae
1066 3219 1194 3271 snritali'·

135 3332 203 3369 ,ena
230 3315 399 3379 maioribus,
425 3315 578 3368 minoribus
605 3317 712 3384 possint
741 3317 857 3383 placere.
903 3317 1000 3386 Itaque
1028 3315 1051 3367 si
1078 3313 1193 3366 'l'acitns

151 3411 303 3490 scripsisset
320 3410 487 3472 tennioribus,
516 3405 704 3464 adiiciendum
727 3415 790 3480 erat⁴
805 3408 935 3480 aliquid,
959 3407 1033 3460 unde
1059 3405 1192 3461 maiorum

151 3508 271 3558 aemulor
292 3523 350 3558 esse
371 3505 484 3557 Parthos
502 3505 631 3575 liqueret.
667 3505 783 3555 Maxime
801 3513 892 3554 eutem
910 3521 953 3554 me
973 3511 1063 3554 movet
1082 3503 1193 3556 edmu-

151 3605 224 3655 iores
242 3599 464 3654 exterminandos
493 3599 570 3668 quod
597 3600 742 3651 enuntiato
771 3610 801 3651 et.
827 3601 895 3668 quia
924 3599 1044 3667 ipsorum
1070 3599 1196 3654 meridies

152 3697 267 3758 alienu,
306 3691 425 3763 perinde
452 3689 546 3744 odium
571 3695 668 3766 prauis
694 3707 724 3748 et
750 3693 887 3756 honestis,
914 3689 1107 3762 praecedentia
1138 3693 1193 3746 Sed
1215 3667 1217 3672 ι

152 3793 277 3864 ῃνοηηρείλ
295 3787 408 3852 aditus,
426 3789 525 3863 *odoia
538 3789 657 3842 ‘comitas
667 3827 674 3852 ‚
693 3791 804 3860 ignotae
826 3787 941 3841 Parthis
954 3795 1085 3854 virtutes,
1114 3807 1191 3844 none

154 3890 227 3942 vitia
249 3888 421 3956 explicantur
441 3893 470 3937 et
495 3885 679 3938 illustrantur:
709 3886 738 3938 in
761 3886 805 3938 h'is
824 3887 897 3945 enim
915 3905 971 3940 nou
990 3889 1044 3958 qui¹
1058 3864 1190 3940 mulorum

156 3981 202 4034 sed
221 3983 363 4038 hominum
384 3981 439 4034 iam
459 3981 610 4038 uiuentium
630 3997 688 4035 mor
707 3988 737 4034 et
752 3985 892 4049 persuasio
912 3983 1005 4045 suerit,
1026 3981 1194 4038 declaratur„
