2826 4730
462 327 539 392 ιιιι.
563 327 604 386 ιι.
649 325 737 392 cnr.
759 291 890 408 55:457.
1137 328 1194 391 107

158 513 292 597 imperiis
304 512 453 574 interiecti
474 523 506 575 et
522 512 643 593 saepius
655 509 807 572 discordes
817 517 900 583 sunt,
924 509 1068 570 adversus
1083 507 1219 575 Romaiu
1230 504 1267 555 Ca
1285 505 1337 574 rs..)

67 651 69 660 =
157 643 213 682 nos
233 621 305 681 odio
335 632 367 682 et
397 621 429 680 in
458 619 611 680 Parthum
638 618 767 680 invidia.
810 619 923 700 Regem
945 614 997 676 ilia
1021 609 1198 697 tempestate

156 748 218 790 non
243 727 397 790 habebant
419 737 521 786 amoto
532 724 686 785 Vonone:
709 723 769 784 sedi
781 717 867 783 fauor
880 721 1014 788 nationis
1032 720 1199 786 inclinabat

145 839 190 912 ¹in
212 837 366 896 Zenonem
379 832 553 895 Polemonis
568 833 647 913 regis
670 831 791 892 Pontici
812 831 928 904 filium,
950 827 1078 911 quadis
1100 830 1197 910 prima

121 938 197 1004 §ab
217 941 354 1016 'infantia
385 941 523 1001 instituta
551 949 585 997 et
610 936 727 998 cultum
763 938 981 998 Armeniorum
1006 936 1197 1014 aemulatus,

149 1047 270 1110 'venatu
291 1046 389 1129 epulis
410 1055 442 1108 et
460 1067 539 1128 quae
561 1045 621 1106 alia
646 1045 766 1106 barbari
783 1043 947 1121 celebrant,
968 1061 1114 1126 proceres
1134 1044 1199 1128 pie·

157 1156 288 1238 bemque
309 1145 391 1216 iuxta
413 1155 598 1220 devinxerat.
642 1155 740 1236 igitur
769 1155 995 1217 Germanicus
988 1176 1019 1214 m
1042 1154 1120 1215 urbe
1143 1157 1201 1214 Ar·
1256 1144 1267 1160 '

158 1275 260 1357 taxata
281 1263 523 1364 approbantibus
536 1263 710 1339 nobilibus,
733 1262 916 1323 circumfusa
938 1261 1166 1324 multitudiue
1158 1283 1202 1322 rn-

158 1375 242 1455 signe
265 1372 385 1456 regium
408 1374 500 1453 capiti
513 1373 588 1438 eius
608 1356 762 1453 imposuit.
785 1371 887 1432 Ceteri
909 1383 1089 1433 venerantes
1102 1393 1202 1454 segem

104 1503 141 1545 to
162 1483 317 1543 Artaxiam
347 1479 599 1556 commutarem,
635 1480 718 1562 quod
739 1477 784 1539 illi
808 1478 995 1542 vocabulum
1025 1479 1203 1540 indiderant

158 1583 193 1649 ex
227 1590 351 1650 nomine
382 1587 481 1647 urbis.
524 1588 567 1649 At
599 1586 796 1668 Cappadoces
818 1590 850 1647 in
871 1571 1204 1667 formum'proviuciae
1246 1666 1248 1672 y

104 1674 108 1684 i
158 1693 280 1757 reducti
301 1696 454 1775 Quintum
472 1694 639 1754 Veranium
660 1694 793 1775 legatum
815 1714 977 1774 acceper03
1003 1703 1033 1754 et
1052 1697 1203 1778 quaedam

158 1825 193 1864 ex
213 1803 304 1883 regiis
321 1803 443 1864 tributis
459 1803 615 1864 deminuta
624 1853 634 1883 ‚
655 1825 721 1885 quo
734 1803 837 1866 mitius
851 1803 1021 1862 Romanum
1038 1802 1202 1886 imperium

157 1918 343 1990 speraretur.
393 1910 605 1993 Commagenis
639 1910 774 1988 Quintus
806 1911 956 1972 Servaeus
986 1910 1203 1992 praeponitur,

102 2017 230 2096 57tum
254 2016 390 2098 primurn
412 2018 451 2080 ad
474 2021 522 2078 ius
547 2019 697 2100 praetoris
717 2017 882 2080 transietis.
925 2020 1104 2102 Cunctaque
1125 2021 1202 2082 soci-

121 2155 127 2172 1
159 2123 218 2184 aiia
242 2145 387 2214 prospere
408 2128 573 2207 composita
594 2147 656 2186 non
679 2125 749 2186 ideo
770 2126 883 2186 laetum
905 2125 1122 2219 Germanicum
1147 2128 1203 2188 ba·

156 2233 273 2294 hebent
296 2235 336 2295 ob
358 2235 528 2316 snperbiam
550 2234 691 2313 Pisonis,
714 2237 766 2317 qui
791 2239 889 2296 iussus
911 2246 1028 2317 partem
1049 2235 1203 2318 legionum

165 2343 226 2422 ipse
248 2346 301 2402 aut
318 2357 376 2424 per
404 2342 499 2402 filium
522 2342 553 2404 in
578 2343 754 2406 Armeniam
775 2342 889 2402 ducere
915 2353 1081 2426 utrumque
1101 2344 1203 2426 negle-

157 2461 253 2512 uerat.
296 2447 388 2529 Cyrri
411 2447 535 2508 demum
557 2447 637 2527 apud
658 2447 968 2522 hibernadecurnae
986 2447 1112 2532 legionis
1132 2472 1203 2510 con-

102 2569 141 2617 to
162 2579 288 2635 venere,
313 2555 434 2616 firmato
459 2553 556 2632 vultu,
581 2555 652 2616 Piso
673 2555 817 2622 adversus
839 2565 967 2630 metum,
992 2558 1201 2629 ternariam,

158 2687 381 2711 -α--ὸ--αιι
537 2728 539 2734 Ι

236 2779 274 2814 ιι.
297 2763 331 2812 Ar
352 2757 581 2830 Cappadocas-
600 2754 858 2828 adiuspraetoria
878 2760 1037 2833 transieris]
1067 2763 1202 2839 11051000
1263 2787 1267 2792 .

160 2871 221 2908 cum
235 2869 377 2924 superiore
395 2853 425 2916 1,
445 2857 486 2924 76.
506 2853 651 2922 (Achaiam
669 2871 702 2906 ac
727 2851 923 2908 Macedoniam
942 2873 1032 2909 caera
1051 2855 1203 2928 deprecari
1265 2885 1270 2890 -

159 2954 195 3004 tis
222 2949 354 3012 leuari
342 2968 374 3001 ιη
398 2968 531 3020 praesens
562 2949 760 3022 proconsulari
787 2950 903 3020 imperio
914 2949 1059 3047 tradique
1088 2953 1203 3008 Caesari

158 3043 284 3118 placuit)
312 3052 487 3112 comparato,
516 3047 655 3096 evanescit
680 3049 864 3102 controversia
898 3023 1053 3126 quaedam
1057 3047 1129 3103 inter
1152 3063 1201 3112 ea,

161 3154 230 3211 quae
254 3157 270 3192 a
298 3135 478 3200 Tacitoln
471 3142 509 3208 'A
534 3147 563 3195 et
584 3157 600 3202 a
627 3139 716 3197 Dione
742 3140 846 3204 uviri,
872 3159 913 3212 ao.
943 3147 1095 3201 narrantur.
1132 3141 1201 3198 Nam

109 3249 116 3266 t
161 3232 235 3302 apud
270 3232 396 3285 Tacitum
424 3233 554 3290 'liberius
584 3235 644 3292 iure
670 3235 787 3289 iurando
819 3235 968 3306 obstringit
997 3255 1026 3290 se
1056 3240 1200 3299 ἰιιιιιιιιιιιιιι

163 3328 314 3386 duodecim·
327 3335 471 3398 praeturae
485 3327 692 3383 candidatorum
711 3347 767 3384 non
786 3347 975 3384 excessurum:
996 3335 1069 3400 apud
1085 3334 1201 3386 Dionem

162 3425 236 3478 idem
256 3441 335 3479 anua
351 3440 375 3474 a.
397 3442 424 3504 ιι.
443 3425 502 3492 78a
519 3425 677 3493 quindecim
697 3434 836 3496 praetores
853 3437 945 3492 creat
971 3445 1003 3480 ac
1032 3438 1072 3481 tot
1092 3430 1179 3480 f·'ere
1173 3447 1202 3485 ιιι

162 3521 283 3592 singulos
303 3537 389 3579 annos
408 3535 512 3572 creasse
528 3521 635 3572 dicitur.
659 3518 738 3592 Apud
755 3523 880 3598 'tacitura
897 3525 970 3602 iurat
986 3523 1120 3576 Tiberius
1130 3543 1201 3576 auno

163 3631 189 3673 a.
197 3634 222 3668 ιι.
232 3617 301 3684 767„
321 3631 376 3684 quo
390 3613 613 3673 caesarianorum
635 3597 838 3684 provinciarum
856 3599 983 3673 nurnerus
1003 3622 1055 3674 boe
1073 3629 1203 3704 quattuor

162 3709 366 3778 provinciarum
383 3709 550 3762 incremento
561 3709 687 3762 nondum
699 3723 793 3764 auctus
808 3721 874 3778 erat3
895 3731 926 3766 ea
945 3723 1036 3768 autem
1050 3721 1202 3768 ructatione

163 3803 255 3869 sarm,
276 3803 427 3872 principem
447 3804 506 3856 iure
525 3805 642 3863 iurando
660 3823 709 3862 suo
736 3808 804 3860 solvi
826 3805 1015 3862 conveniebat
1053 3812 1126 3870 liaeo
1146 3831 1201 3865 nou
1260 3836 1261 3842 ι

163 3899 310 3975 perspexit,
321 3899 429 3967 Lipsius
448 3900 478 3975 iu
496 3917 609 3960 excursu
628 3901 663 3952 ad
682 3903 770 3955 Taciti
787 3907 856 3956 Anu.
876 3905 903 3971 1,
924 3909 964 3971 rt.
1004 3886 1006 3892 ‚

242 3995 281 4071 14.
300 4010 382 4054 sunta
400 3997 460 4056 eius
478 3998 524 4060 bi,
542 3997 591 4050 sed
607 3997 681 4055 item
700 3998 772 4056 inira
793 3999 848 4064 111,
873 4003 912 4054 rt.
930 4000 984 4066 Vi,
1001 3978 1031 4068 Ι7.
1052 4003 1199 4061 Servaeus.
