2816 4730
234 371 293 432 ιιι
625 315 867 426 'nudamur

84 553 109 624 (a
123 553 219 627 Ωιι.)
313 551 391 612 Exin
413 561 587 630 promptum
609 551 691 632 quod
721 507 887 610 multorum
908 552 1023 612 intimis
1045 531 1199 633 questibus
1220 555 1322 632 ιε-36

204 657 364 743 vgebatur.
407 658 571 718 Incedebat
595 661 676 718 enim
699 657 868 718 deterrimo
890 663 1001 741 cuique
1021 658 1145 720 licentia
1168 663 1266 741 impu·
1360 670 1362 678 '

225 788 264 826 ne
284 766 399 848 probra
421 779 451 828 et
473 768 619 827 invidiam
641 769 673 826 in
693 767 790 842 bonos
810 768 959 827 excitandi
991 759 1115 850 ¹arrepta
1137 769 1269 850 imagine

223 873 376 934 Caesaris·
370 874 553 956 libertique
561 876 652 936 ettam
662 897 696 934 ac
706 895 778 934 serv
782 876 788 931 i
801 885 930 955 patrono
945 875 993 936 vei
1007 877 1130 937 domino
1143 901 1212 938 cum
1223 899 1271 938 vo·

223 1002 281 1057 ces,
296 1003 366 1042 cum
383 1001 489 1042 manus
502 983 704 1057 intentarent
719 978 804 1040 ultro
816 981 1038 1042 metuebantur
1064 983 1157 1066 iegitur
1177 979 1309 1045 GaiusS

225 1090 340 1150 Cestius
361 1071 486 1150 sedator
506 1088 645 1150 disseruit
682 1091 833 1170 principes
865 1051 988 1172 quidem
1019 1091 1113 1151 instar
1141 1085 1280 1151 deorum

224 1215 309 1258 esse·
332 1197 384 1256 sed
406 1219 505 1279 neque
526 1219 543 1255 a
570 1195 667 1256 dis'
638 1199 692 1256 nisi
718 1197 810 1257 iustas
832 1195 1004 1278 supplicum
1029 1219 1133 1280 preces
1155 1197 1268 1276 audiri,

224 1323 324 1383 neque
346 1323 521 1390 quenquam
542 1305 572 1364 in
597 1301 782 1384 Capitolium
817 1303 915 1365 aliave
940 1289 1026 1368 iubis
1053 1307 1165 1388 templa
1198 1332 1270 1390 per·

225 1411 352 1492 fugere,
375 1422 410 1472 ut
430 1431 466 1472 eo
487 1411 624 1472 subsidio
647 1412 685 1471 ad
711 1410 825 1491 flagitia
854 1422 968 1472 utatur.
1020 1413 1159 1476 Abolitas
1190 1415 1272 1498 leges

224 1513 255 1580 e't
275 1519 415 1580 funditus
446 1507 568 1594 versas,
609 1517 663 1578 ubi
697 1519 728 1576 in
760 1517 848 1590 foro,
881 1519 913 1576 in
949 1517 1052 1584 limine
1095 1523 1198 1582 curiae
1231 1521 1270 1582 ab
1296 1537 1329 1575 ro

194 1661 201 1675 ι
226 1627 329 1688 Annia
354 1624 476 1702 Rutilia,
497 1645 591 1706 quam
614 1623 733 1684 fraudis
756 1623 813 1685 sub
836 1624 936 1688 iudice
959 1626 1174 1702 damnavisset,
1203 1650 1273 1710 pro-

223 1735 280 1796 bra
302 1735 360 1795 sibi
381 1743 412 1793 et
433 1734 533 1793 minae
553 1731 769 1806 intendantur,
794 1728 893 1816 neque
914 1734 979 1816 ipse
1008 1735 1119 1796 audeat
1152 1740 1201 1797 ius
1221 1757 1273 1797 ex·

223 1844 320 1924 periri
341 1843 381 1904 ob
401 1841 483 1903 effto·
457 1863 534 1925 grem
554 1843 751 1926 imperatoris
781 1843 961 1924 oppositam.
1004 1843 1094 1904 Haud
1115 1843 1274 1907 dissimilia

224 1951 302 2024 atii,
328 1961 358 2012 et
380 1949 518 2042 quidam
527 1953 681 2011 atrociora
708 1951 1025 2032 circumst1·epebant;
1049 1954 1273 2034 precabantur·

226 2082 287 2142 quc
316 2060 476 2136 Drusum,
493 2055 596 2116 daret
632 2057 756 2116 ultionis
791 2057 982 2136 exemplum,
1013 2041 1116 2120 donee*
1143 2065 1272 2122 accitam
1297 2055 1330 2120 15

227 2171 461 2249 convictamque
490 2167 610 2228 attineri
639 2164 762 2247 publica
783 2163 955 2224 custodia
948 2166 1043 2227 iussit.
1094 2167 1135 2228 Et
1164 2165 1272 2230 Consi·
1277 2161 1330 2239 37

227 2275 293 2338 dius
315 2276 436 2356 Aequus
459 2283 489 2337 et
510 2273 633 2334 Coelius
655 2256 773 2331 Cursor
793 2271 909 2350 equites
931 2269 1075 2350 Romani,
1098 2274 1184 2356 quod
1218 2273 1273 2334 fic-

225 2385 265 2444 tis
289 2381 452 2442 maiestatis
474 2382 655 2442 criminibus
682 2380 819 2460 Magium
849 2363 1055 2439 Caecilianum
1096 2391 1273 2459 praetorem

225 2489 421 2574 petivissent,
453 2500 575 2549 auctore
606 2487 748 2568 principe
780 2507 823 2552 ac.
850 2485 977 2547 decreto
1010 2495 1133 2546 senatus
1161 2485 1274 2566 puniti.
1391 2561 1392 2580 Χ

225 2597 401 2681 Utrumque
422 2597 455 2658 in
477 2594 597 2656 laudem
625 2592 718 2652 Drusi
749 2591 954 2654 trahebatur:
989 2595 1028 2656 ab
1045 2608 1093 2654 'eo
1125 2595 1156 2653 in
1192 2595 1275 2655 urbe
1293 2625 1331 2666 20
1391 2583 1392 2587 ¹

227 2705 307 2764 inter
326 2718 428 2768 coetus
447 2717 477 2768 et
497 2725 648 2768 sermones
669 2695 830 2763 hominurn
850 2697 1032 2765 obversante
1065 2712 1184 2763 secreta
1219 2725 1274 2786 pa-

224 2813 280 2874 tris
301 2814 447 2896 mitigari.
492 2813 598 2893 Neque
622 2809 710 2871 luxus
744 2811 776 2868 in
812 2811 922 2870 iuvene
954 2809 1030 2870 adeo
1069 2805 1273 2888 displicebat:

225 2918 287 2980 huc
305 2920 406 3002 potius
426 2915 614 2990 intenderet,
642 2913 724 2974 diem
748 2913 1027 3014 aedificationibus,
1048 2923 1166 2974 noctem
1198 2935 1275 2975 con·
1319 2917 1324 2924 ’

296 3351 338 3404 ι3.
357 3340 612 3420 aedificationibus]
633 3343 802 3397 editionibus
820 3361 836 3395 ι
856 3345 947 3422 Lipsio
968 3341 1186 3394 commendatum
1212 3345 1278 3399 inre

226 3444 384 3515 reprobavit
402 3437 566 3495 waltherus.
603 3438 732 3492 Ostendit
755 3440 830 3492 locas
850 3440 968 3490 Drusum
995 3435 1109 3508 privatis
1139 3438 1277 3490 aedifica-

225 3538 350 3590 tionibus
368 3532 543 3588 immodicum
564 3533 657 3586 fuisse.
693 3535 754 3606 Atia
774 3551 806 3586 sc
822 3514 930 3585 diversa
949 3533 1038 3600 patri,
1057 3531 1101 3582 cui
1122 3533 1197 3585 iilius
1219 3535 1291 3602 hoe·

226 3634 288 3688 loeo
301 3631 459 3716 opponitur,
478 3631 507 3678 in
526 3615 658 3682 aedificiis
671 3632 783 3701 privatis
799 3629 969 3681 exstruendis
980 3643 1084 3680 morum
1099 3630 1152 3689 via,
1169 3627 1205 3680 de
1218 3647 1279 3701 qua

227 3730 297 3782 conf.
315 3727 371 3788 vl,
389 3721 445 3780 [ιὸ
442 3724 546 3794 Μίἰίρι
562 3729 728 3780 sestertium
722 3744 767 3780 sa
787 3723 980 3800 munificentia
1003 3722 1185 3786 collocatum,
1209 3737 1279 3776 tan·

228 3840 256 3878 so
277 3823 414 3892 acceptius
431 3823 462 3872 in
484 3825 608 3893 vulgum,
625 3835 731 3898 quanto
749 3821 870 3875 modicus
887 3823 1005 3893 privatis
1026 3819 1280 3894 aedificationibus

227 3927 261 3975 ne'
279 3920 388 3990 publice
411 3915 520 3988 quidem
543 3922 601 3972 nisi
620 3918 673 3970 duo
692 3937 775 3988 opera
791 3920 912 3996 strepit,
938 3920 1063 3990 templum
1090 3921 1215 3986 Augusto
1251 3929 1280 3968 st

228 4031 337 4070 suessam
358 4013 521 4082 Pompeiani
537 4014 648 4068 theatri.
