2900 4706
258 285 318 350 382
678 281 889 347 ANNALlUM

109 473 135 542 (a
153 472 245 546 (Ἀρ.)
256 465 430 544 dictatoris,
462 487 540 549 quae
561 467 712 528 subiectos
733 467 815 528 sinus
834 465 997 527 editissima
1018 473 1197 546 prospectat.
1219 465 1280 524 Ac-

254 595 343 634 censo
367 595 440 656 rogo
459 574 582 634 libertus
602 577 665 634 eius
683 585 883 657 cognomento
905 575 1040 634 Mnester
1059 575 1120 656 ipse
1143 593 1175 633 se
1196 573 1278 632 ferro

245 682 408 762 transegit,
432 684 582 744 incertum
604 682 730 742 caritate
751 685 783 742 in
815 692 974 764 patronam
1009 703 1047 742 an
1071 692 1152 741 metu
1186 679 1276 740 exitii.

247 789 335 848 llunc
359 790 404 847 sui
418 789 506 848 linem
520 788 628 848 multos
648 801 718 848 ante
737 809 834 850 annos
847 789 1014 850 crediderat
1031 787 1194 870 Agrippina
1205 808 1272 847 con·

227 889 477 977 'tempseratqu'e
519 895 597 955 Nam
615 895 787 956 consulenti
807 917 895 978 snper
910 897 1033 956 Nerone
1054 893 1274 975 responderunt
1290 885 1309 946 5

245 1003 387 1064 Chaldaei
409 1003 472 1063 fore
500 1013 534 1062 nt
565 1004 730 1084 imperaret
758 1013 947 1084 matremque
975 1003 1150 1078 occideret3
1182 1011 1273 1081 atque
1298 1055 1302 1062 ,

163 1118 166 1126 '
243 1107 296 1170 illa
318 1109 476 1188 „occidat”
497 1111 611 1189 inquit,
640 1108 714 1168 dum
733 1109 869 1189 imperet.

304 1217 363 1276 Sed
388 1239 405 1276 a
428 1217 555 1275 Caesare
577 1215 713 1295 perfecto
732 1215 854 1276 demum
874 1215 985 1278 scelere
1004 1216 1181 1300 magnitudo
1203 1200 1327 1277 einsl0

241 1321 393 1384 intellecta
414 1334 467 1385 est.
509 1321 636 1405 Reliqua
654 1326 751 1384 noctis
774 1323 863 1382 modo
883 1345 938 1404 per
952 1323 1103 1384 silentium
1133 1323 1263 1399 delirus,

241 1429 357 1510 saepius
381 1447 494 1510 pavore
515 1449 675 1508 exsurgens
699 1437 731 1488 et
751 1429 859 1488 mentis
880 1431 991 1509 inops,
1014 1428 1112 1489 lucem
1130 1431 1325 1511 opperie‘w

239 1536 332 1598 batur
362 1547 508 1619 tanquam
540 1535 662 1594 exitium
691 1533 862 1594 allaturam.
915 1535 1018 1619 Atque
1046 1557 1116 1596 eum
1147 1545 1270 1596 auctore

238 1643 335 1702 Burro
353 1642 450 1722 prima
470 1643 683 1701 centurionum
708 1639 962 1722 tribunorumque
982 1639 1117 1701 adulatio
1134 1643 1174 1704 ad
1186 1665 1269 1724 spem

238 1750 392 1827 firmavit,
415 1751 625 1832 prensantium
647 1771 770 1810 manum
793 1752 1036 1832 gratantiumque
1056 1749 1139 1830 quod
1161 1751 1268 1812 discri-

237 1877 308 1916 men
330 1857 528 1936 improvisum
548 1867 579 1916 et
598 1858 702 1916 matris
715 1855 834 1914 facinus
851 1851 1000 1916 evasisset.
1026 1855 1143 1916 ¹Amici
1158 1858 1267 1920 delsinc

237 1964 321 2025 adire
343 1964 477 2045 templa,
498 1975 529 2025 et
550 1976 656 2045 coepto
675 1962 812 2043 exemplo
838 1965 972 2042 proxima
993 1962 1172 2046 Campaniae
1202 1987 1268 2026 mu·
1288 1959 1324 2021 15

238 2073 347 2154 nicipia
369 2071 497 2130 victimis
517 2080 547 2130 et
572 2069 773 2152 legationibus
800 2069 945 2130 laetitiam
975 2074 1100 2132 testari:
1129 2073 1194 2154 ipse
1217 2073 1266 2132 di-

236 2199 326 2240 versa
346 2176 539 2238 simulatione
558 2187 706 2252 maestus,
729 2187 759 2236 et
780 2178 865 2257 quasi
889 2177 1090 2238 incolumitati
1120 2199 1193 2240 suae
1218 2181 1267 2239 in·

235 2285 352 2358 sensus,
375 2304 410 2342 ac
436 2293 532 2342 morte
552 2284 685 2362 parentis
709 2281 903 2342 illacrimans.
947 2285 1027 2360 Quia
1055 2298 1155 2348 tamen
1183 2307 1265 2366 nnn,

234 2402 271 2453 ut
288 2391 447 2451 hominum
467 2389 586 2464 vultus,
606 2391 649 2450 ita
672 2388 810 2450 locorum
830 2389 921 2450 iacies
944 2404 1118 2472 mutantur,
1151 2397 1264 2458 obver-

191 2556 193 2564 ,
234 2499 415 2582 sabaturque
433 2498 524 2559 maris
540 2498 621 2558 illius
644 2507 673 2558 et
687 2495 824 2558 littorum
851 2501 951 2580 gravis
966 2511 1100 2580 aspectus
1119 2501 1166 2582 (ct
1177 2517 1264 2566 erant
1283 2518 1320 2558 20

234 2609 287 2690 qui
309 2605 470 2669 crederent
490 2609 622 2668 sonitum
643 2605 735 2666 tubae
757 2600 885 2667 collibus
906 2607 1017 2667 circum
1044 2608 1132 2670 editis
1156 2611 1262 2692 planc-

232 2722 342 2797 tusque
361 2714 480 2777 tumulo
494 2715 596 2774 matris
609 2711 730 2789 audiri),
741 2713 898 2795 Neapolim
912 2717 1067 2789 concessit,
1090 2717 1262 2800 litterasque

232 2823 272 2886 ad
303 2835 441 2886 senatum
466 2825 567 2903 misit,
600 2828 728 2904 qua'rum
759 2842 875 2884 summa
904 2833 968 2882 crat
1008 2835 1166 2906 repertum
1189 2831 1309 2909 cumn

231 2931 313 2992 ferro
333 2951 543 3015 percussorem
564 2928 754 3011 Agerinum,
776 2951 811 2992 ex
831 2929 942 2990 intimis
963 2933 1149 3014 Agrippinae
1168 2933 1257 2994 liber-

231 3042 294 3122 tis,
318 3052 349 3102 et
374 3042 464 3102 luisse
484 3061 551 3102 eam
568 3061 696 3121 poenam
716 3039 921 3116 conscientia,
954 3060 1013 3120 qua
1043 3039 1136 3100 scelus
1168 3063 1257 3122 para·
1275 3049 1315 3110 25

230 3151 332 3212 visset.
374 3149 544 3212 Adiiciebat
564 3147 692 3207 crimina
711 3145 828 3228 longius
850 3147 995 3226 repetita,
1022 3146 1105 3228 quod
1137 3167 1260 3208 consor-

229 3261 307 3320 tium
329 3258 446 3340 imperii
466 3242 675 3336 iuraturasque
696 3251 730 3313 in
750 3251 880 3313 feminae
907 3253 1000 3315 verba
1021 3251 1185 3348 praetorias
1204 3274 1258 3314 cu-

246 3411 517 3428 m

316 3541 338 3577 a.
359 3525 415 3594 ipse
433 3523 498 3592 ces.
518 3522 676 3578 Ernestinss
696 3525 751 3590 ipse
760 3521 790 3590 fi
811 3523 869 3584 Ma,
887 3523 943 3592 ipse
958 3519 1041 3590 ferri
1060 3517 1094 3572 se‘
1108 3516 1161 3570 BG.

301 3619 341 3670 13.
358 3617 541 3680 crassantium
561 3635 669 3670 manum
690 3618 748 3668 Mt:
767 3616 907 3667 Ernestins
923 3615 1110 3684 prensantium
1129 3631 1219 3666 manu.

302 3710 341 3765 18·
361 3722 445 3764 morte
465 3708 491 3761 h.
511 3723 533 3759 e.
551 3709 584 3762 ob
605 3720 732 3762 mortem:
751 3705 858 3776 Lipsius
877 3706 971 3760 invitis
989 3683 1254 3774 codicibusseripsit

230 3807 318 3860 morti.

298 3901 339 3955 26.
358 3897 515 3952 adiciebant
528 3897 579 3948 Μ’.
598 3899 662 3950 ldox
679 3909 772 3966 optata
789 3895 844 3947 siat
865 3893 994 3945 Vaticani:
1015 3893 1109 3946 adlata
1126 3895 1162 3946 sit
1181 3894 1231 3946 ll·-
