2862 4726
492 349 570 418 na.
593 338 651 418 xi.
685 355 784 424 ,cin
810 328 922 428 1—a'
992 342 1017 438 J
1165 366 1228 435 ιιι

186 529 233 608 pit
255 553 350 611 reus,
372 546 402 595 et
429 535 624 631 „interroga”
647 537 771 624 inquit,
791 541 936 617 =,„Suitti
955 541 1031 602 lilios
1054 544 1386 646 tuos·v1(a.C.7.t

187 657 256 696 rum
278 661 341 700 esse
363 663 411 701 me
431 623 640 702 fatebuntur''
681 634 897 727 Ingressusque
910 645 1129 720 defensionem,
1150 669 1228 708 com

148 814 152 822 f
187 755 272 804 moto
294 749 488 808 maioremin
511 749 635 809 modum
650 745 793 829 Claudio,
809 753 988 812 Messalinae
1001 769 1122 835 quoque
1138 753 1228 814 laert
1305 750 1309 758 ’

188 875 253 914 mas
274 857 393 919 excivit.
437 847 558 934 Qnilms
581 856 743 920 abluendis
763 859 905 922 cubiculo
936 845 1094 943 egrediens
1123 869 1229 924 monet

152 962 359 1042 5Vitellium,
384 989 422 1026 ne
443 967 525 1026 elabi
548 989 636 1027 reum
659 971 783 1030 sineret.
807 969 874 1051 lpse
897 972 935 1030 ad
957 973 1127 1054 perniciem
1147 973 1230 1053 Pop=

187 1057 280 1149 p'aeae
301 1071 439 1147 festinat,
465 1075 593 1136 subditis
615 1077 668 1158 qui
689 1087 814 1137 terrore
835 1079 967 1139 carceris
995 1081 1033 1139 ad
1057 1080 1229 1141 voluntari.

188 1192 236 1236 atn
262 1190 391 1238 mortem
414 1179 638 1260 propellerent,
670 1182 747 1242 adeo
780 1185 887 1263 'muare
909 1184 1040 1249 Caesare
1062 1195 1096 1243 ut
1118 1203 1230 1266 paucos
1285 1243 1286 1247 ,
1336 1220 1341 1230 =

186 1295 254 1367 post
279 1285 342 1346 dies
365 1285 538 1366 epulantem
559 1289 642 1369 apud
665 1299 697 1349 se
723 1291 868 1350 maritum
889 1294 951 1352 eius
973 1291 1144 1373 Scipionem
1159 1309 1231 1374 per·

184 1402 403 1468 cuncmretnr,
427 1411 483 1450 cur
506 1393 569 1450 sine
589 1413 684 1452 uxore
696 1393 907 1468 discubuisset,
933 1394 1231 1474 atqueillefunctam

159 1493 253 1578 Blato
275 1489 488 1580 responderet,
511 1498 571 1558 Sed
594 1497 780 1558 consultanti
800 1520 890 1580 super
910 1499 1231 1568 absolutioneAsiatici
1298 1578 1300 1588 Ι

185 1607 262 1668 flens
291 1598 463 1682 Vitellius,
500 1616 740 1666 commemorata
772 1615 921 1676 vetustate
957 1607 1109 1668 amicitiae
1137 1620 1231 1690 utque
1298 1655 1300 1658 -

186 1714 353 1774 Antoniam
383 1711 529 1792 principis
568 1689 694 1771 matrem
723 1711 837 1790 pariter
864 1709 1126 1789 observavisseat,
1160 1715 1231 1776 dein

186 1819 340 1902 percursis
362 1817 515 1878 Asiatici'
508 1838 537 1876 tn
568 1839 633 1876 rem
659 1815 813 1898 publicam
844 1813 951 1879 officiis
978 1821 1154 1900 recentique
1177 1821 1232 1882 ad·

145 1947 146 1950 ’
187 1948 291 1988 versus
311 1928 498 1986 Britanniam
520 1925 652 2004 militia,
675 1947 814 2008 quaeque
836 1925 895 1986 alia
911 1926 1121 1990 conciliandae
1142 1931 1230 1993 mise·

79 2035 347 2113 1,5ricordiae
371 2034 576 2113 videbantur,
607 2023 754 2096 liberum
772 2037 877 2095 mortis
911 2035 1072 2098 arbitrium
1099 2040 1126 2098 ei
1158 2058 1230 2122 per-

187 2146 289 2220 misit,
315 2154 345 2204 et
363 2154 469 2204 secuta
491 2153 563 2206 sunt
585 2141 708 2205 Claudii
742 2142 835 2204 verba
876 2145 910 2204 in
938 2142 1066 2233 eandem
1095 2142 1231 2207 elemen-

185 2251 271 2312 tiam.
319 2249 520 2320 Hortantibus
549 2245 662 2315 dehinc
693 2245 884 2333 quibusdam
905 2251 1037 2314 inediam
1051 2255 1097 2313 ‘et
1131 2253 1229 2314 lenem

185 2361 317 2438 exitum,
339 2363 492 2422 remittere
512 2360 692 2422 beneficium
723 2361 878 2422 Asiaticus
910 2362 978 2439 ait3
1013 2371 1043 2421 et
1077 2363 1231 2442 usurpatis

182 2469 294 2550 quibus
314 2471 488 2531 insueverat
517 2469 799 2546 exercitationibus,
829 2469 915 2536 lauto
948 2490 1098 2552 corpore,
1132 2469 1230 2531 hilare
1257 2508 1260 2514 .
1291 2537 1295 2546 ι

126 2605 170 2647 20
187 2576 345 2658 epulatus,
367 2597 437 2636 cum
458 2598 490 2638 se
513 2576 668 2638 honestius
700 2574 865 2636 calliditate
886 2575 1003 2637 Tiberii
1033 2573 1082 2638 vel
1112 2579 1229 2658 impetu
1259 2600 1264 2615 r

184 2690 241 2746 Gai
263 2687 402 2748 Caesaris
423 2687 591 2767 periturum
607 2683 745 2756 dixisset,
772 2700 864 2762 quam
885 2683 967 2766 quod
989 2681 1099 2744 fraude
1117 2683 1227 2745 mulie-

183 2791 234 2853 tri
258 2805 288 2854 et
312 2789 467 2876 impudico
484 2790 602 2854 Vitellii
618 2810 682 2853 ,ore
701 2789 849 2864 caderet,
875 2811 966 2851 venas
988 2785 1137 2864 exsolvit,
1162 2791 1227 2852 viso

184 2911 285 2962 tamen
310 2914 382 2962 ante
410 2923 500 2983 rogo,
524 2887 667 2980 iussoque
689 2887 983 2979 translerripartem
1009 2899 1039 2957 in
1062 2889 1166 2977 aliam,
1187 2921 1226 2960 ne

182 3011 317 3091 opacitas
342 3010 490 3070 arborum
511 3021 624 3090 vapore
643 3003 736 3105 lignis
767 3007 969 3097 minueretur.
1015 3005 1150 3068 Tantu'm
1180 3005 1224 3067 illi

267 3236 292 3284 6.
310 3229 433 3283 subditos
451 3230 501 3280 Me.
521 3229 661 3301 Quoniam
679 3235 759 3284 antea
778 3225 829 3292 lV,
848 3233 890 3285 ιδ.
909 3216 1059 3284 ιιιοιιιιιιι“
1047 3251 1078 3283 ιιι
1101 3231 1223 3302 esseni·

184 3331 261 3382 navit
281 3329 411 3396 scriptum
430 3330 580 3398 reperitur,
597 3327 662 3377 inde
680 3325 837 3405 Walthttrus
864 3325 1001 3392 ,detinere
1025 3323 1146 3375 subditos
1173 3340 1221 3391 pro
1306 3331 1308 3336 ’
1397 3342 1399 3346 ’

153 3401 156 3408 ,
180 3421 349 3494 festinanter
379 3437 484 3496 parare
518 3412 642 3478 auiditas
672 3399 768 3472 Latine
787 3412 842 3471 dici
873 3423 1002 3487 opinatus
1028 3427 1085 3484 est,
1113 3406 1231 3472 leriam.

170 3521 326 3574 festinare
344 3537 405 3570 cum
426 3520 580 3571 accusativo
602 3517 636 3568 de
655 3516 735 3568 rebus
754 3515 871 3578 dicitur,
888 3525 943 3566 nuo
967 3513 1001 3566 de
1018 3517 1151 3582 personis.
1169 3517 1219 3566 Ce-

182 3622 271 3666 terum
285 3615 325 3666 ul.
350 3615 402 3676 tV,
422 3617 464 3683 59.
483 3611 724 3682 Assimuladatpue
749 3605 852 3670 indicio
877 3619 970 3678 partes
997 3607 1130 3662 adversus
1152 3613 1225 3664 Ger:

183 3711 290 3764 manici
316 3709 446 3780 stirpem,
483 3707 658 3761 subditis
692 3705 756 3776 qui
777 3715 981 3770 accusatorum,
998 3705 1112 3756 nomina
1135 3708 1220 3758 susti·

183 3817 289 3858 nerent.

259 3905 297 3954 13.
314 3894 465 3972 percursis]
483 3899 594 3987 percuti
613 3897 664 3951 tta
684 3895 755 3946 idem
778 3911 839 3947 max
858 3892 1046 3946 brittanniam.

259 4015 298 4067 ¹9·
316 3995 432 4048 hilarem
452 3991 513 4042 Mt·

902 4055 1050 4164 'aa
