2900 4706
492 303 568 363 tm.
587 295 677 362 x1v.
722 294 810 359 cst>
828 295 923 362 ‹tf-7.
1156 294 1217 360 379

191 478 280 538 remis
301 491 331 540 et
360 503 437 562 quae
469 483 530 542 fors
556 479 730 549 obruta-,at
766 427 923 538 navalibus
948 474 1016 536 telis
1042 472 1250 552 contuitum(
1235 479 1361 552 merto)

124 645 126 650 .
191 583 357 666 Agrippina
378 587 480 666 silens,
502 607 597 668 eoque
611 589 711 646 minus
734 573 847 666 agnita,
867 603 963 642 unum
983 592 1081 642 tamen
1103 557 1225 644 'vulnus

188 688 314 752 humero
333 696 455 775 excepit.
496 692 615 770 Nande,
635 692 742 752 deinde
758 711 882 752 occursu
903 688 1133 750 lenunculorum
1151 689 1214 750 Lu·

162 795 304 873 Gorinum
329 803 360 861 iu
384 797 483 862 lacum
506 812 605 881 vecta,
629 799 719 860 villae
741 821 813 861 suae
840 799 979 860 insertur.
1022 796 1090 858 lllic
1121 817 1212 879 repu-

149 896 168 958 5
187 914 252 966 tans
271 907 340 970 ideo
360 930 391 970 se
411 909 568 972 fallacibus
591 908 697 969 litteris
720 911 845 970 accitam
867 917 898 968 et
918 907 1032 966 honore
1054 906 1214 986 praecipuo

184 1011 336 1095 habitam,
365 1019 506 1100 quodque
526 1018 613 1080 littus
632 1020 731 1092 iuxta,
754 1039 815 1078 non
830 1019 926 1078 ventis
944 1026 1029 1088 acta,
1053 1035 1114 1074 non
1136 1014 1213 1074 saxis
1243 997 1247 1001 .
1274 1101 1277 1112 Ι

184 1123 312 1227 impulsa
333 1130 418 1188 navis
437 1149 555 1188 summa
588 1131 634 1188 sui
663 1139 748 1208 parte
771 1126 867 1187 veluti
892 1134 1034 1185 terwresne
1055 1121 1211 1214 machina·

122 1265 125 1273 ν
183 1243 320 1292 mentum
334 1236 527 1309 concidisset
549 1234 712 1296 observans
733 1233 836 1294 etiam
864 1231 1050 1292 Acerroniae
1081 1251 1209 1309 necem,

182 1336 271 1398 simul
290 1361 378 1403 suum
393 1342 505 1402 vulnus
526 1341 694 1423 aspiciens·
715 1338 812 1399 solum
837 1337 1013 1396 insidiarum
1042 1336 1210 1398 remedium

83 1465 87 1475 “
128 1459 163 1498 ¹0
181 1465 264 1519 esse,
285 1446 310 1506 si
331 1467 390 1506 non
407 1429 674 1528 intelligerentur3
702 1446 843 1526 misitque
869 1442 1012 1502 libertum
1043 1445 1209 1525 Agerinum

181 1555 232 1634 qui
259 1557 413 1618 nuntiaret
431 1554 492 1614 lilio
510 1553 695 1635 benignitate
714 1551 804 1614 deum
830 1561 859 1610 et
891 1550 1013 1610 fortuna
1044 1551 1107 1610 eius
1137 1573 1209 1612 eva-

180 1661 253 1720 sisse
271 1681 392 1741 grsvem
422 1683 544 1734 casum;
567 1681 673 1736 orare,
705 1671 739 1718 ut
771 1661 910 1740 quamvis
941 1655 1075 1739 periculo
1103 1658 1208 1730 matris

179 1767 339 1825 exterritus
361 1765 473 1826 visendi
498 1787 602 1825 curam
623 1759 779 1841 differret3
809 1765 867 1824 sibi
888 1763 925 1823 ad
946 1784 1086 1844 praesens
1105 1765 1207 1845 quiete

178 1891 263 1950 opus.
329 1872 429 1953 Atque
473 1873 592 1932 interim
633 1874 792 1932 securitate
823 1870 962 1931 simulata
1009 1871 1207 1934 medicamina

122 1975 160 2035 ιδ
178 1975 298 2036 vulneri
318 1988 348 2038 et
371 1979 503 2038 fomenta
524 1981 645 2060 corpori
667 1977 806 2052 adhibet;
839 1959 1057 2040 testamentum
1075 1979 1206 2042 Acerro-

178 2087 245 2154 nise
273 2087 387 2166 requiri
415 2085 554 2166 bonaque
579 2087 733 2168 obsignari
751 2087 852 2163 iubet,
876 2085 904 2144 id
927 2095 1047 2146 tantum
1067 2108 1129 2148 nnn
1147 2109 1205 2170 per

148 2188 399 2267 7simulationem.
431 2195 474 2254 At
493 2193 606 2254 Neroni
628 2195 751 2255 nuntios
765 2196 875 2276 patrati
888 2195 1028 2255 facinoris
1039 2196 1204 2276 opperienti

173 2299 296 2360 affertur
317 2302 444 2360 evasisse
467 2302 528 2358 ictu
551 2296 623 2370 levi
632 2303 762 2358 sauciam
786 2309 816 2359 et
836 2299 979 2361 hactenus
999 2302 1082 2363 adito
1102 2302 1203 2364 discri-

174 2411 272 2485 mine,
296 2429 335 2468 ne
355 2417 460 2468 auctor
479 2405 678 2473 dubitaretur
727 2409 808 2468 Tum
845 2429 958 2490 pavore
986 2411 1144 2488 exanimis,
1172 2423 1203 2472 et

113 2535 154 2574 ao
169 2518 227 2573 iam
248 2517 367 2595 iamque
391 2514 485 2572 affore
506 2513 657 2572 obtestans
679 2509 831 2572 vindictae
838 2533 1031 2594 properam,
1054 2517 1118 2576 sive
1141 2536 1201 2576 ser·
1215 2529 1218 2542 '

172 2622 244 2680 vitia
268 2630 403 2680 armaret
423 2619 472 2680 vel
503 2617 628 2679 militem
649 2618 845 2692 accenderet,
869 2621 933 2679 sive
957 2621 997 2682 ad
1021 2632 1156 2683 senatum
1169 2631 1201 2682 et

171 2731 317 2810 populum
340 2727 537 2808 pervaderet,
566 2725 759 2806 naufragium
781 2735 811 2784 et
831 2724 941 2786 v'ulnus
962 2741 992 2790 et
1023 2727 1200 2790 interlectos

172 2839 282 2894 amicos
302 2833 489 2894 obiiciendo:
515 2831 713 2913 quodcontra
734 2829 901 2894 subsidium
929 2833 1005 2910 sibi,
1035 2836 1091 2894 nisi
1124 2839 1199 2916 quid

169 2972 465 2992 ’hu-nm

240 3056 277 3106 16.
296 3055 328 3107 id
346 3069 451 3110 tantum
470 3077 525 3110 non
543 3076 592 3128 per
610 3057 820 3132 simulationem]
840 3072 947 3112 tantum
969 3079 1026 3114 non
1039 3038 1216 3114 Waltherus¹

165 3148 259 3217 μόνον
273 3149 349 3218 οὐχί,
367 3151 393 3201 li.
414 3169 436 3209 e.
452 3152 652 3224 propemodum,
672 3156 885 3225 iuterpretatur,
903 3155 950 3206 sed
968 3163 1024 3211 tum
1045 3173 1197 3225 pronomen

166 3245 198 3296 id
214 3247 302 3296 omitti
319 3253 365 3296 sut
384 3244 466 3318 idque
485 3247 568 3298 scribi
586 3248 721 3306 debebat:
742 3255 773 3300 ut
790 3263 863 3300 nune
880 3258 944 3300 sunt
963 3249 1065 3314 verba,
1086 3266 1197 3318 praece·
1276 3315 1278 3327 .

167 3338 294 3390 eicotibus
314 3338 420 3408 nliqriid
440 3341 541 3408 opponi
560 3341 657 3412 liquet.
678 3343 851 3412 Quapropter
875 3357 982 3398 tantum
1009 3363 1057 3413 pro
1074 3359 1197 3400 santum·

165 3433 243 3486 modo
263 3435 379 3503 positum
398 3453 457 3486 cum
478 3438 538 3488 aliis
556 3439 699 3496 existimo,
729 3456 761 3490 sc
789 3441 876 3492 notari
896 3439 1078 3512 insatiabilem
1097 3442 1193 3511 Agrip·
1221 3486 1226 3502 ,

46 3517 48 3528 ’
119 3550 121 3556 ’
165 3532 245 3596 picae
263 3531 420 3594 avaritiam,
438 3549 508 3601 qnae
527 3534 648 3602 quamvis
667 3517 810 3604 postremis
828 3537 968 3602 proxima,
992 3538 1072 3590 bonis
1093 3537 1193 3588 famili·

164 3625 216 3675 sris
236 3640 300 3674 succ
318 3625 456 3688 initiabat,
476 3643 594 3699 praeque
623 3631 752 3700 cupidine
777 3631 900 3684 ultimam
927 3634 1113 3688 necessitatem
1137 3633 1190 3682 ali-

165 3717 323 3786 quantisper
340 3719 558 3774 obliviscebatur.
596 3724 727 3778 ssnclitics
745 3725 823 3780 modo
841 3735 952 3797 propter
965 3713 1136 3795 negationem
1148 3726 1194 3780 de·

164 3826 222 3862 esse
242 3820 339 3880 potest

198 3917 199 3926 ¹
237 3925 274 3976 ¹9
297 3906 456 3966 discrimine
476 3927 572 3968 auctor
589 3877 790 3970 dubitaretlle
