2826 4730
229 345 288 412 114
446 317 449 324 ’
637 336 905 406 turanum

86 545 111 614 (a
128 529 404 616 c,19‚)Scytlrarum
429 540 556 600 conatus
576 537 632 590 est.
684 505 797 609 Specie·
828 529 958 588 v'euandi
994 531 1124 592 omissis*
1147 536 1267 596 mariti·

224 641 281 696 mis
313 637 384 696 locis
411 639 479 696 avia
509 634 640 697 saltuum
671 637 782 718 petiit3
821 657 887 698 mox
925 637 1101 716 pernicitate
1132 648 1201 722 equi
1224 647 1263 706 ad

222 767 342 806 amnem
359 746 529 827 Pyramum
550 745 726 823 contendit,
748 747 833 805 cuius
850 755 957 826 pontes
976 747 1097 808 accolae
1114 768 1263 834 ruperant

143 843 146 848 ¹
219 855 324 916 audita
347 855 425 937 regis
454 855 542 936 fuga,
573 873 674 934 neque
701 853 781 914 vad'o
810 856 959 935 penetrari
991 867 1120 934 poterat.
1165 863 1261 942 Igitur

217 965 250 1022 in
286 966 352 1044 ripa
382 960 514 1024 fluminis
548 986 566 1024 a
606 961 702 1022 Vibio
737 945 893 1023 Frontone
926 951 1078 1045 praelecto
1121 972 1297 1048 equitum5

216 1073 364 1150 vincitur3
395 1093 463 1130 mox
492 1072 650 1132 Remmius
683 1081 843 1147 evocatus,
876 1071 972 1154 priori
1003 1073 1162 1134 custodiae
1171 1071 1266 1157 ‘regis‘

217 1183 386 1262 appositus,
420 1180 507 1261 quasi
537 1201 592 1260 per
619 1180 715 1254 iram,
746 1175 846 1262 gladio
875 1201 945 1240 eum
974 1181 1122 1261 transigit.
1165 1182 1259 1248 Unde

215 1289 314 1348 maior
346 1288 418 1348 fides
448 1289 634 1350 conscientia
656 1287 779 1350 sceleris
811 1298 841 1348 et
875 1297 958 1348 metu
995 1287 1099 1348 indicii
1129 1303 1257 1390 mortem

214 1393 337 1456 Vononi
359 1396 485 1459 illatamt

254 1532 298 1593 At
332 1531 535 1594 Germanicus
570 1519 710 1612 Aegypto
735 1547 871 1588 remeans
896 1538 1026 1621 cuncta,
1057 1551 1135 1612 qnae
1172 1533 1314 1629 ⁸Pffll69

177 1663 182 1668 ·
211 1637 344 1720 legiones
359 1650 412 1699 aut
434 1639 525 1700 urbes
546 1639 692 1714 iusserat,
714 1636 826 1697 abolita
843 1638 891 1698 vel
915 1641 946 1700 in
964 1643 1152 1700 contrarium
1169 1663 1256 1704 versa

209 1747 371 1827 cognoscit.
425 1747 508 1808 Hinc
547 1767 655 1828 graves
693 1729 724 1808 in
760 1747 904 1810 Pisonem
939 1748 1159 1828 coutumeliae3
1197 1772 1254 1812 nec
1325 1742 1328 1746 ⁵

207 1857 309 1914 minus
322 1857 444 1936 acerba,
466 1875 545 1936 quae
567 1853 678 1914 abillo
698 1856 729 1914 in
753 1855 920 1916 Caesarem
941 1855 1151 1918 tentabantur.
1172 1845 1253 1918 Dein

208 1965 279 2024 Piso
296 1965 380 2025 abire
401 1965 492 2025 Suria
512 1962 630 2028 statuit.
653 1957 724 2034 Mor
739 1961 869 2023 adversa
886 1962 1060 2024 Germanici
1086 1965 1253 2027 valitudine

208 2073 369 2150 detentus,
391 2073 443 2132 ubi
472 2079 642 2130 recreatum
664 2071 800 2150 accepit,
819 2079 949 2150 votaque
970 2091 1026 2152 pro
1043 2061 1250 2137 incolumitate
1275 2087 1311 2149 ¹5

206 2179 442 2256 solvebantur„
469 2177 606 2266 admotas
649 2176 781 2256 hostias,
813 2177 1009 2240 sacrificalem
1048 2194 1245 2263 apparatum,

204 2281 308 2345 festam
331 2287 582 2349 Antiochensium
602 2281 740 2365 plebem,
761 2307 814 2366 per
832 2286 955 2348 lictores
971 2289 1145 2368 proturbat.
1166 2291 1248 2352 Tum

204 2393 373 2456 Seleuciam
397 2395 590 2478 digreditur,
613 2393 774 2472 opperiens
798 2396 1039 2476 aegritudinem,
1069 2417 1147 2477 quae
1175 2421 1243 2460 rur·

202 2488 270 2562 sum
299 2505 481 2563 Germanico
518 2500 686 2572 acciderat,
732 2499 860 2564 Saeuam
887 2504 949 2562 vim
983 2504 1082 2562 morbi
1110 2506 1243 2588 augebat

201 2613 357 2692 persuasio
384 2613 534 2671 veneni'a
562 2609 672 2674 Pisone
703 2612 838 2696 accepti3
860 2621 889 2670 et
917 2612 1152 2692 reperiebantur
1177 2617 1243 2675 solo
1264 2631 1306 2672 ao

201 2741 236 2780 ac
262 2720 427 2800 parietibus
451 2728 554 2778 erutae
573 2718 778 2780 humanorum
796 2709 963 2798 corporum
988 2715 1154 2816 reliquiae,
1173 2745 1241 2782 car·

200 2830 283 2891 mina
311 2841 341 2890 ct
361 2828 546 2903 devotiones,
574 2837 603 2886 et
625 2847 737 2888 nomen
762 2810 935 2888 Germanici
961 2824 1109 2907 plumbeis
1132 2829 1242 2892 tabulis

199 2929 403 3017 insculptum,
433 2937 556 2995 semusti
589 2935 702 2994 cineres
724 2957 760 2995 ac
778 2933 849 2996 tabo
872 2931 978 3009 obliti,
1002 2933 1121 3020 aliaque
1142 2938 1241 3002 male-

147 3019 150 3036 l
198 3043 283 3114 ficia,
322 3046 389 3123 quis
430 3041 564 3102 creditur
602 3043 718 3102 animas
753 3041 929 3102 numinibus
960 3043 1086 3107 infernis
1116 3051 1238 3121 sacrari,

196 3150 293 3233 Simul
315 3154 395 3211 missi
420 3173 437 3211 a
467 3152 579 3212 Pisone
606 3150 826 3211 incusabantur
851 3161 885 3210 ut
906 3149 1080 3214 valitudinis
1108 3156 1232 3217 adversa
1254 3155 1298 3216 25

133 3325 138 3330 ,
196 3263 352 3322 rimantes.
397 3259 443 3319 Ea
464 3260 652 3321 Germanico
684 3259 765 3320 haud
791 3259 889 3320 minus
917 3259 961 3317 ira
982 3281 1073 3341 quam
1096 3283 1152 3343 per
1170 3254 1295 3337 rue-70

101 3509 106 3516 a
200 3499 457 3515 W

267 3676 307 3729 18.
328 3669 498 3742 digreditur,
517 3675 545 3727 h,
571 3687 629 3724 ee
660 3671 813 3724 Germanici
831 3673 932 3728 ricinia
958 3675 1082 3730 discedit.
1119 3682 1233 3735 Germa-

191 3771 268 3820 nicus
290 3785 374 3838 prope
396 3771 569 3822 Antiochiam
588 3768 769 3837 Epidaphnae
788 3771 954 3838 aegrotabat.
994 3774 1062 3826 Vide
1082 3775 1127 3840 11,
1145 3777 1185 3832 83.

261 3866 301 3916 aa.
321 3863 383 3916 tabe
404 3865 445 3916 M:
465 3863 529 3914 tabo
551 3861 679 3930 Lipsius,
700 3861 776 3912 cuius
805 3867 989 3920 coniecturam
1015 3869 1075 3919 iure
1103 3870 1228 3938 probarit

187 3957 351 4016 waltherus.
390 3956 518 4026 malefica
538 3957 589 4007 Mc
610 3954 747 4028 maleficia
768 3958 925 4021 Beroaldus,
