2862 4730
472 261 474 271 ’
522 293 596 356 nm.
607 293 645 360 ιι,
688 291 778 355 etr.
800 290 851 360 33.
1158 286 1198 350 89

158 489 238 542 stent
259 489 289 539 et
309 475 387 554 aliis,
408 497 486 558 quae
506 475 545 535 ad
563 478 696 558 requiem
717 477 810 541 animi
834 485 887 535 aut
910 473 1116 536 salubritatem
1131 493 1239 552 eor-(a
1253 485 1348 543 C.16.t
1371 535 1373 543 ,

171 599 485 616 munt—u·-
549 607 557 614 ,,

157 653 262 706 tirsus
281 651 342 704 τότε
359 651 414 722 μὲν
434 654 489 705 τῶν
509 649 576 703 δέκα
594 646 681 710 αὖθις
696 649 727 703 stt
748 651 804 702 uir
824 651 908 702 πέντε
926 652 973 702 teeti
994 652 1085 701 εἴκοσι
1098 663 1195 715 κεκτη-

154 747 439 820 μένων,ἐχαρίσατο
463 743 648 818 δσονένέὸει.
686 745 860 798 Gentilem
891 745 967 807 mv,
989 748 1029 800 26.
1069 745 1195 807 Dionem,

156 847 205 914 qui
228 841 335 895 duobus
363 843 430 894 locis
459 849 513 892 tam
534 842 643 911 copiose
665 841 699 893 tle
719 829 770 892 h'ac
788 859 816 894 re
844 814 971 910 exposuit
999 843 1103 914 quique
1122 854 1195 891 more
1232 823 1239 835 ’

157 943 277 991 Romano
291 940 425 991 rationem
445 937 586 1001 subduxit,
604 939 716 989 miulme
734 953 837 989 errasse
852 947 923 989 recte
943 936 1074 989 iudicarit
1089 939 1196 1006 Lipsius

115 1095 118 1100 Ι
156 1037 185 1085 iu
206 1035 307 1087 Electis
328 1035 363 1096 ll,
388 1032 527 1103 17.(0pp.
547 1043 612 1085 tom.
632 1034 652 1083 1.
673 1036 790 1102 pag.813
803 1040 824 1096 )‚
845 1031 1196 1104 idemqueegoexduobus

157 1131 219 1181 aliis
237 1127 470 1196 iudiciiscolligo‚
488 1128 604 1194 primurn
628 1129 691 1199 quia
711 1145 740 1181 re
766 1127 898 1180 familiari
922 1130 1023 1180 civium
1054 1126 1199 1198 insiguiter·
1241 1122 1244 1132 ¹
1330 1129 1332 1136 '

157 1234 237 1277 sucta
255 1224 311 1292 (cf.
331 1224 384 1274 Dio
403 1226 555 1294 posteriore
580 1225 656 1293 loco)
689 1223 890 1292 simplicissima
916 1231 975 1276 erat
1000 1223 1135 1284 mutatio,
1166 1229 1197 1272 ut

156 1335 286 1376 uumerus
305 1318 406 1370 assium
427 1319 610 1390 (r,ooo,ooo)
636 1320 666 1370 iu
694 1317 812 1370 eiusdem
837 1335 980 1372 numerum
1009 1319 1197 1371 sestertiorum

157 1424 324 1481 maturatum
343 1415 443 1470 deinde
460 1424 580 1492 summus
598 1423 739 1468 auctorum
760 1415 871 1468 'l’acitus
891 1416 973 1468 Dioni
994 1413 1117 1486 quamvis
1146 1413 1198 1464 ob·

156 1529 234 1564 scure
253 1511 399 1574 consentit,
417 1529 476 1562 cum
497 1511 531 1563 ‹le
549 1511 640 1563 Marco
661 1511 774 1562 Hortalo
794 1511 829 1570 ΙΙ,
848 1513 887 1578 37.
908 1511 1019 1563 scribit:
1037 1511 1128 1580 Nepos
1138 1521 1199 1561 erat

155 1611 279 1662 oratoris
288 1606 443 1667 Hortensii,
461 1591 570 1658 illectbs
583 1623 599 1656 a
611 1603 677 1657 divo
687 1607 808 1675 Augusto
818 1606 988 1659 liberalitate
1008 1603 1133 1657 decies
1152 1622 1198 1656 se·
1243 1592 1245 1601 Α

157 1715 252 1753 stert
264 1704 298 1754 ii
316 1701 416 1756 ducere
432 1719 556 1762 uxerem,
577 1700 715 1769 suscipere
733 1699 846 1762 liberes,
864 1719 898 1753 ne
913 1701 1067 1755 clarissima
1079 1699 1199 1770 familia

155 1797 388 1866 exstingueretur.
424 1795 558 1846 Nimirum
575 1795 711 1861 Augustus
730 1792 759 1843 in
774 1794 893 1846 Marcum
914 1795 1056 1872 Hortalum
1076 1794 1111 1845 atl
1129 1811 1199 1866 pau·
1220 1859 1223 1873 Ι

156 1901 294 1962 pertatem
315 1891 456 1962 delapsum
476 1891 576 1958 insigni
590 1889 759 1941 liberalitate
777 1906 840 1941 usus
870 1891 895 1942 ei
914 1891 992 1943 dedit
1017 1907 1126 1943 censum
1153 1906 1200 1944 se-

156 1974 302 2068 natorium.
348 1987 447 2041 Eadem
468 1987 602 2056 pecuniae
619 2003 740 2047 summa,
761 1985 852 2040 decies
870 1987 987 2040 sestertii
1007 1987 1088 2050 dote,
1114 1988 1201 2042 Tibe·

158 2089 215 2138 rius
232 2061 472 2155 Agrippae'filiam
493 2082 615 2144 donavit,
633 2089 664 2134 ut
684 2083 772 2164 refert⁸
784 2084 896 2136 Tacitus
915 2084 955 2146 11,
982 2086 1042 2146 86,
1070 2085 1200 2156 idemque

160 2181 301 2252 Propertio
321 2179 411 2232 Celeri
429 2181 578 2251 practorio,
597 2179 703 2232 veniam
722 2178 827 2232 ordinis
837 2177 872 2232 ob
883 2188 1072 2250 paupertatem
1083 2181 1199 2254 petenti,

161 2276 251 2332 decies
270 2277 425 2332 sestertium
444 2276 558 2346 largitus
577 2283 625 2327 est.
646 2275 719 2329 Cous
733 2277 755 2339 l,
771 2278 812 2346 75.
849 2274 989 2344 Quoniam
1007 2276 1074 2330 haec
1094 2281 1200 2347 argenti

161 2387 288 2421 struimus
310 2386 392 2424 censu
409 2372 545 2424 senatorio
556 2371 632 2445 quasi
646 2371 776 2424 solemnit
791 2369 921 2435 lactescat,
935 2371 1000 2424 intle
1012 2372 1199 2428 honestiorum

100 2471 104 2474 '
159 2473 305 2534 parentum
325 2466 398 2518 filiae
420 2467 582 2538 coniugibus
592 2466 648 2516 suis
660 2465 750 2519 dotem
761 2463 851 2522 decies
863 2470 983 2522 sestertii
993 2471 1048 2522 lere
1066 2470 1198 2522 serebant.

159 2561 238 2612 Ceut.
251 2559 352 2612 Seneca
366 2561 473 2613 Consule
485 2562 518 2632 agl
537 2559 614 2612 Hele.
635 2577 676 2617 ια.
695 2561 829 2613 luvenalis
849 2565 888 2626 X,
906 2566 966 2622 335.
987 2579 1013 2618 et
1034 2567 1092 2617 ritu
1112 2565 1199 2618 decies

160 2669 277 2728 centeno
296 2653 436 2709 dabuntur
458 2659 583 2728 arttiqtto.
610 2653 729 2724 'Quibus
749 2651 877 2710 omnibus
896 2677 957 2710 cum
982 2662 1080 2712 Dionis
1091 2697 1100 2723 ,
1118 2679 1200 2712 accu-

160 2751 292 2803 ratissimi
316 2758 405 2802 reruni
433 2751 591 2821 scriptoris,
617 2753 738 2804 narratio
770 2753 876 2822 egregie
899 2755 1085 2814 confirmetur,
1117 2773 1200 2807 uuruu

160 2847 289 2900 Suetonii
307 2847 510 2908 testimonium,
530 2847 606 2917 quod
624 2849 650 2898 ci
669 2848 835 2918 eontrarium
851 2857 910 2910 est,
930 2851 1071 2920 scriptoris
1088 2848 1201 2900 lestine-

160 2945 230 2996 tioni
250 2951 279 2994 ct
297 2935 382 2998 ctiori
403 2940 580 2994 tribuendum
598 2941 724 3010 silletum
745 2951 786 2996 est
804 2950 895 2994 eutem
916 2943 968 2997 hoc
987 2942 1069 3013 (Aug.
1090 2961 1113 3002 c.
1131 2942 1161 3012 it
1176 2945 1201 3012 lt

160 3041 325 3093 Sertatorum
336 3055 445 3092 censum
455 3035 601 3104 ampliavit
610 3075 626 3100 „
635 3053 669 3090 ac
680 3055 731 3108 pro
739 3038 962 3108 octingentorum
974 3038 1089 3092 millium
1098 3059 1202 3094 summu

161 3131 308 3190 duodecies
328 3133 454 3186 sestertio
476 3132 614 3194 taxauit,
639 3133 832 3204 supplevitque
850 3153 908 3188 non
924 3135 1095 3190 babetztibus.

254 3245 275 3280 t.
297 3227 365 3278 talis
384 3242 455 3296 quae
473 3225 516 3278 M:
531 3239 557 3278 et
570 3227 649 3288 aliis,
668 3211 741 3300 quae'
749 3229 860 3282 Grotius
873 3239 901 3281 ct
914 3233 933 3282 1.
945 3233 987 3284 Fr.
1002 3234 1201 3290 Gronovius.-

162 3320 279 3374 Pichena
299 3323 328 3374 iu
347 3321 473 3374 Mediceo
490 3319 542 3388 legi
567 3308 688 3393 telisque
707 3305 822 3376 testatus
840 3335 898 3399 est,
917 3328 964 3379 sed
992 3327 1084 3378 cctliee
1111 3329 1201 3382 tleuuo

163 3425 191 3468 et
208 3405 361 3496 accuratius
380 3415 504 3484 iuspecto
522 3431 582 3466 eum
603 3431 664 3468 vera
685 3417 744 3472 eius
764 3420 897 3490 scriptura
922 3439 937 3474 a
956 3423 1038 3474 Furia
1060 3421 1202 3478 nobiscum

85 3557 87 3564 ,
163 3513 363 3567 communicata
383 3513 436 3576 sit¹
466 3511 500 3564 tle
523 3512 638 3564 veritate
663 3513 865 3572 emendationis
889 3517 1076 3574 aduumviris
1097 3514 1202 3576 Balavis

91 3677 97 3683 .
163 3607 322 3674 propositae
342 3605 462 3658 dubitari
481 3605 578 3674 utique
597 3607 710 3684 nequit:
737 3612 803 3665 talis
829 3614 901 3664 euim
929 3622 1018 3668 ortum
1044 3623 1084 3666 est
1103 3634 1134 3672 eit
1152 3618 1203 3670 hae

164 3699 272 3769 antiqui
303 3699 441 3751 cuiusdam
468 3701 629 3770 exemplaris
654 3703 788 3771 scriptura
814 3698 947 3770 atthis,
971 3709 999 3762 lt.
1023 3729 1047 3768 e.
1077 3727 1103 3764 et
1129 3716 1202 3770 aliis.

164 3793 317 3851 Particulae
334 3809 362 3848 ut
382 3798 469 3868 prima
489 3799 651 3868 significatio
672 3802 854 3869 comparando
872 3805 1006 3867 inservit,
1025 3808 1205 3874 queruadme-

166 3888 230 3940 dum
250 3890 415 3942 Graecorum
434 3893 470 3950 οἷς
491 3891 622 3956 sitinus,
642 3911 757 3965 eamque
776 3903 950 3970 potestatem,
969 3903 990 3954 si
1010 3901 1202 3958 ailscuteutias·

167 3982 262 4072 iiualrs
292 3987 527 4053 accommodetur,
554 4007 584 4041 ex
611 3999 689 4060 parte
716 4001 800 4052 tenet.
851 3993 912 4046 Nou
937 3996 1090 4050 mirandum
1122 3996 1203 4064 igitur
