2900 4706
412 348 414 354 ,
524 307 597 374 un.
616 305 705 369 xvi.
750 303 834 370 uir.
863 311 948 397 aa„
1179 303 1237 372 461

140 477 143 486 ¹
223 499 281 561 too,
302 495 334 548 et
355 481 525 546 diditiarum
547 487 724 567 exspeetatio
745 486 823 546 inter
840 503 944 546 causas
974 483 1154 565 paupertatis
1183 497 1272 568 pu⁴(a
1289 498 1385 567 (λοῦ.)

221 591 412 657 blicaeerat.
445 591 522 650 Nam
544 591 662 662 Bassus,
686 589 793 652 effosso
812 573 961 670 a'groasuo
980 588 1107 670 latisque
1121 593 1238 654 circum

219 697 318 772 arvis,
339 699 410 759 dom
431 699 512 760 huno
540 697 589 760 vel
617 699 702 760 illum
723 699 823 760 locum
840 683 979 780 promissi
1001 718 1103 778 specus
1122 721 1237 762 asseve-

220 818 282 880 rat,
302 817 526 888 sequunturque
548 825 608 866 uon
632 806 721 866 ruodo
733 806 842 872 milites
862 805 914 865 s'ed
933 784 1064 886 populus
1073 809 1237 888 agrestium

112 969 114 973 ,
183 905 374 978 defficiendo
395 919 480 998 operi
501 925 690 996 assumptus,
711 914 834 975 tandem
856 907 959 994 'posita
986 906 1145 994 vecordia,
1175 934 1239 974 non

217 1019 289 1080 falsa
311 1017 398 1080 antes
417 1021 531 1082 somnia
553 1043 606 1082 sna
628 1009 718 1102 seque
737 1031 809 1080 tune
838 1020 969 1100 primum
996 1016 1113 1080 elusum
1142 1021 1239 1082 adori-

217 1147 308 1199 rans,
329 1127 472 1208 pudorem
497 1141 526 1188 et
549 1139 659 1188 metum
688 1137 785 1190 morte
802 1127 976 1188 voluntaria
1004 1126 1119 1210 effugit.
1162 1129 1239 1206 Qui·
1296 1155 1300 1164 ·

216 1231 285 1291 dam
306 1232 442 1291 vinetum
464 1211 498 1291 ao
519 1251 596 1292 mox
607 1233 770 1293 dimissum
764 1231 951 1310 tradidere,
962 1217 1122 1318 ademptis
1151 1235 1238 1298 bouis

218 1337 364 1398 inlocum
384 1341 483 1420 regiae
503 1357 602 1419 gatae.

186 1417 259 1501 I}
299 1439 415 1506 Interea
435 1456 581 1517 senatus,
604 1449 774 1527 propinquo
794 1443 854 1504 iarn
846 1442 984 1506 lustrali
1004 1448 1178 1526 certamine,
1205 1467 1240 1518 ut

218 1551 347 1645 dedecus
368 1564 527 1634 avet-,teret
547 1552 660 1614 offert
651 1553 824 1654 imperatori
845 1553 1003 1614 victoriam
1019 1563 1141 1631 cantus,
1162 1555 1244 1642 αάἰίωΙ

218 1641 319 1741 eitque
336 1655 500 1721 facundiae
521 1681 686 1738 coronam,
707 1681 767 1743 qua
789 1659 905 1722 ludiora
927 1661 1101 1734 deformitas
1122 1659 1239 1721 velare·

217 1777 279 1832 tur.
318 1765 378 1827 Sed
401 1769 482 1828 Nero
512 1766 588 1827 nihil
606 1767 721 1826 ambitu
753 1787 808 1825 nee
836 1773 985 1846 potestate
1020 1777 1138 1826 senatus
1166 1787 1241 1847 opus

218 1875 458 1948 estuduimus,
491 1898 523 1937 se
544 1895 672 1958 aequum
704 1874 848 1934 adversus
874 1873 1007 1935 aemulos
1038 1885 1069 1933 et
1097 1872 1242 1955 religione
1279 1898 1289 1948 '.

164 1973 199 2036 15
218 1981 351 2042 iudicum
375 1985 511 2044 meritam
533 1983 651 2042 laudem
682 1991 911 2059 assecuturum,
945 1981 1042 2061 primo
1064 2002 1184 2040 carmen
1211 1982 1241 2040 in

194 2101 302 2152 *scena
324 2093 449 2164 recitat3
472 2113 538 2152 mox
562 2091 717 2174 flagitante
737 2090 847 2173 vulgo,
874 2101 909 2150 ut
930 2081 1032 2150 omnia
1061 2087 1160 2148 stadia
1188 2107 1243 2147 soa

215 2195 491 2278 publicaretihaec
514 2201 593 2258 enim
615 2199 708 2259 verba
729 2197 858 2272 dixere),
891 2193 1058 2278 ingreditur
1077 2193 1240 2268 theatrum,

215 2304 331 2362 cunetis
356 2295 492 2362 citharae
515 2302 628 2383 legibus
650 2303 881 2382 obtemperans,
902 2321 940 2360 ne
969 2300 1061 2360 fessus
1083 2292 1240 2372 resideret,

216 2422 263 2466 oe-
274 2407 419 2468 sudorem
434 2407 492 2470 nisi
504 2431 544 2470 ea
559 2429 651 2492 quam
677 2409 799 2469 indutui
819 2407 945 2490 gerebat
983 2419 1066 2466 veste
1102 2397 1239 2487 deterge·

160 2527 198 2567 oo
217 2521 275 2588 ret,
299 2524 334 2572 ut
354 2513 437 2572 nulla
457 2515 520 2572 oris
541 2526 593 2574 aut
615 2514 734 2573 riarium
753 2524 940 2574 excrementa
962 2514 1141 2574 viserentur.
1158 2512 1243 2594 Post·¹

217 2635 302 2680 rento
317 2615 420 2676 flexus
440 2634 529 2698 genu,
552 2627 582 2676 et
604 2625 724 2676 coetum
743 2617 830 2677 illum
854 2635 946 2676 manu
966 2628 1147 2699 veneratus,
1169 2635 1241 2678 sen·

216 2723 322 2783 tentiae
343 2722 476 2781 iudicum
498 2723 708 2802 opperiebatur
738 2725 808 2784 licto
829 2743 949 2804 pavore.
978 2725 1032 2786 ·Et
1061 2721 1146 2806 plebs
1172 2725 1242 2804 qui.

216 2828 285 2887 dem
307 2827 412 2903 urbis,
435 2828 613 2888 histrionum
635 2849 755 2912 quoque
775 2843 873 2913 gestus
892 2835 997 2892 iuvare
1029 2827 1139 2906 solita,
1172 2849 1242 2911 pera

218 2935 345 2994 sonabat
362 2935 453 2996 certis
471 2934 567 2996 modis
587 2935 752 3030 plausuque
773 2939 947 3018 composito.
979 2938 1130 2999 Crederes
1150 2935 1242 2997 loeta·

161 3038 199 3099 25
219 3043 266 3119 ri3
287 3063 323 3102 ac
342 3043 463 3102 sortasse
485 3042 680 3104 laetabantur
713 3067 769 3126 per
799 3047 946 3106 incuriam
985 3045 1095 3126 publici
1124 3044 1241 3126 flagitii-2

191 3137 279 3214 bsed
303 3149 354 3233 qui
376 3154 499 3212 remotis
519 3173 536 3212 e
557 3155 726 3234 municipiis
746 3176 939 3236 severamque
960 3155 1058 3215 adbuc
1079 3162 1109 3213 et
1127 3151 1241 3231 antiqui

218 3260 309 3319 moris
329 3259 492 3320 retinentes
514 3259 656 3334 ltaliam,
681 3262 792 3342 quique
810 3279 867 3341 per
889 3259 1066 3341 longinquas
1086 3257 1240 3339 provinoi·
1280 3335 1286 3342 .

218 3387 250 3426 aa
271 3359 409 3427 lasciviae
432 3365 580 3448 inexperti
606 3365 704 3426 officio
723 3366 907 3448 legationum
936 3377 988 3425 aut
1013 3365 1132 3448 privata
1158 3362 1243 3424 utili·

217 3481 279 3532 tete
298 3471 499 3550 advenerant,
522 3493 620 3556 neque
640 3482 793 3554 aspectum
815 3471 900 3534 illum
920 3469 1048 3535 tolerare
1074 3492 1172 3553 neque
1194 3471 1240 3532 t·-

222 3633 447 3650 Q

195 3799 197 3803 Δ
289 3748 332 3789 ao.
350 3735 500 3790 viserentur
517 3733 693 3788 Puteolanum
713 3731 819 3797 eodices
840 3735 971 3789 viserent.
1064 3735 1067 3745 '

289 3827 328 3879 25.
348 3829 485 3882 incuriam
517 3831 667 3882 Acidaliae:
694 3829 799 3882 oodlces
830 3831 972 3884 iniuriam.
1008 3823 1076 3880 'lum
1097 3825 1241 3886 ἡβῶσί·
1351 3843 1353 3852 “

219 3921 293 3972 viam
314 3923 420 3989 experti
436 3923 515 3976 liblflz
533 3926 679 3978 lasciviae*
695 3920 831 3996 irteoepertl
850 3917 1017 3976 Puteolanus.
1074 3913 1080 3936 ‘
