2826 4730
442 280 517 343 tlss
541 281 597 342 tv.
640 274 738 343 tae.
762 288 824 352 19
842 291 895 352 ιι.
1141 293 1202 357 tel

139 423 302 544 viguerit.
346 461 439 524 Unde
459 463 600 554 dubitare
624 487 735 549 cogor,
757 467 819 526 lato
841 476 872 528 et
892 468 1142 546 sortauascendi,
1166 482 1199 532 ut
1218 469 1244 538 (³
1262 470 1288 523 C
1301 473 1368 544 ²lls
1404 543 1405 546 Ἴ

153 581 275 649 cetera,
307 573 347 632 ita
370 557 543 654 principum
565 572 750 634 inclinatio'
742 596 773 634 ro
797 573 873 652 bos,
902 572 1061 656 offensio
1053 597 1083 634 m
1106 576 1194 652 illos,

153 699 193 738 an
217 680 256 738 sit
276 676 418 760 aliquid'
410 702 442 739 m
464 683 574 742 nostris
596 681 727 742 consiliis
737 681 945 764 ,liceatque
936 693 1020 744 mter
1034 682 1196 764 abruptam

152 789 382 867 contumaciam
398 797 428 848 et
446 789 581 852 deforme
605 789 783 871 obsequium
803 810 932 872 pergere
947 791 1008 852 iter
1029 791 1195 854 ambitione

106 886 188 952 5ac
207 893 351 974 periculis
366 915 513 962 uacuum.
568 898 608 956 At
637 895 816 980 Messalinus
844 897 953 972 Cotta,
986 897 1070 958 haud
1093 903 1193 962 miuus

150 999 240 1060 claris
262 989 430 1062 maioribus
448 1001 503 1062 sed
527 1001 628 1062 animo
652 1003 798 1075 diversus,
817 1003 939 1064 ‘censuit
961 1005 1129 1078 cavendum
1146 1029 1193 1067 se·
1220 1067 1226 1078 ,

150 1118 239 1169 natus
256 1110 415 1188 consulto,
446 1121 481 1170 ut
511 1131 686 1192 quanquam
708 1115 841 1172 insontes
857 1089 1053 1192 magistratus
1073 1123 1103 1174 et
1124 1113 1197 1176 cule

149 1237 206 1297 pac
228 1216 345 1302 alienae
366 1219 456 1280 nescii
476 1217 713 1300 provincialibus
737 1238 867 1280 uxorum
887 1219 1069 1282 criminibus
1086 1223 1190 1304 perin-

143 1323 190 1386 de
213 1347 304 1408 quam
325 1330 387 1388 suis
412 1327 628 1409 plecterentur.

85 1419 138 1502 91
231 1435 345 1496 Actum
367 1431 477 1494 dehinc
498 1431 537 1493 dc
560 1431 728 1536 Calpurnio
749 1432 881 1511 Pisone,
910 1374 1006 1494 nobili
1035 1455 1071 1496 ac
1095 1433 1188 1496 feroci
1270 1473 1274 1486 ι
1366 1446 1374 1463 ‘

146 1543 229 1604 viro
272 1545 299 1604 Is
320 1561 471 1623 namque,
494 1550 530 1600 ut
550 1540 673 1619 rettuli,
695 1561 852 1602 cessurum
869 1563 902 1602 se
923 1541 1008 1626 urbe
1021 1541 1061 1602 ob
1081 1541 1188 1604 factio-

145 1673 199 1712 nes
224 1662 433 1727 accuqatorum
458 1649 489 1710 in
511 1661 618 1710 senatu
641 1649 874 1728 clamitaverat,
902 1659 932 1711 et
955 1661 1055 1734 spreta
1075 1663 1188 1732 poten-

102 1801 106 1807 .
143 1756 189 1816 tia
211 1739 366 1837 Augustae
386 1754 512 1816 trahere
533 1753 563 1814 in
581 1757 629 1816 ius
649 1754 850 1836 Urgulaniam
872 1754 1024 1838 domoque
1037 1758 1187 1840 principis

144 1867 243 1925 excire
256 1885 353 1950 qausus
375 1876 453 1926 erat.
497 1867 585 1944 Quae
609 1867 639 1926 in
661 1886 802 1946 praesens
824 1865 965 1928 Tiberius
985 1865 1117 1928 civiliter
1128 1868 1186 1928 ha-

86 1963 122 2024 ¹5
140 1970 234 2031 lauit:
256 1969 309 2032 sed
332 1970 362 2032 in
385 1991 487 2032 animo
508 1969 686 2032 revolvente
703 1955 788 2051 iras,
819 1971 910 2032 etiam
934 1971 959 2034 si
981 1975 1112 2056 impetus
1137 1976 1192 2036 of-
1232 2009 1236 2014 ·

140 2078 285 2138 tensionis
304 2066 485 2161 languerat,
519 2081 666 2140 memoria
694 2077 823 2140 valebat.
875 2079 1018 2141 tasonem
1046 2085 1183 2162 Quintus
1273 2115 1275 2120 ·

139 2190 272 2249 Granius
298 2190 405 2251 secreti
438 2189 587 2250 sermonis
619 2191 770 2262 incusavit
800 2187 967 2254 adversum
996 2191 1182 2254 maiestatem

139 2299 256 2368 habiti,
283 2294 494 2394 'adiecitque
486 2318 518 2366 ιιι
552 2292 644 2355 domo
666 2297 730 2356 eius
757 2315 912 2356 venenum
933 2315 1017 2376 esse,
1050 2317 1181 2380 eumque

119 2403 240 2486 gladio
259 2405 429 2466 accinctum
451 2403 577 2462 introire
598 2404 725 2464 curiam.
778 2401 871 2494 Quod
893 2413 927 2462 ut
948 2403 1081 2464 atrocius
1102 2423 1177 2464 vero

82 2531 119 2575 no
140 2511 332 2574 tramissu'm:
354 2523 555 2594 ceterorum,
571 2533 649 2594 quae
668 2510 766 2572 nrulta
787 2507 1044 2590 cumulabantur,
1073 2533 1178 2595 recep·
1229 2495 1232 2500 Ι

135 2632 185 2683 tus
206 2631 252 2684 est
269 2643 360 2700 rcus3
383 2643 485 2704 neque
498 2621 640 2703 peractus
658 2621 699 2681 ob
717 2629 846 2686 mortem
865 2631 1080 2702 opportunam.
1115 2620 1177 2680 Re-

135 2722 282 2793 latumfer
305 2731 344 2793 de
366 2731 469 2792 Cassio
498 2731 611 2792 Severo
632 2727 750 2802 exsule,
790 2733 843 2812 qui
870 2728 1010 2792 sordidae
1041 2729 1175 2810 originis,

113 2829 288 2899 *maleficae
302 2839 406 2914 vitae,
428 2835 481 2898 sed
502 2835 611 2898 orandi
634 2835 776 2909 validus,
799 2857 855 2917 per
867 2835 1051 2905 immodicas
1072 2835 1174 2926 inimi7
1228 2867 1229 2870 ι

63 3008 68 3020 x
132 2947 217 3008 citias
239 2943 410 3008 ut‘iudicio
432 2944 522 3006 iurati
544 2955 666 3020 senatus
687 2944 808 3005 Cretam
837 2954 1034 3004 amoveretur
1064 2940 1173 3012 allece·¹

133 3127 425 3143 mna—..-

177 3289 183 3302 ,
204 3261 224 3296 ι.
243 3241 321 3300 Unde
340 3242 468 3299 dubitare
487 3261 572 3314 cogor
589 3243 774 3316 —periculis
791 3239 921 3314 vacuum]
944 3239 1026 3310 Quod
1038 3239 1170 3294 dubitau-

130 3344 171 3390 ter
190 3333 323 3392 hocloco
339 3337 408 3390 dicit
428 3335 513 3390 atlnex
533 3353 622 3389 rerum
640 3335 777 3404 scriptor,
806 3335 836 3390 id
863 3333 1047 3387 confidentius·
1063 3333 1169 3403 ,multis
1255 3359 1258 3372 =

130 3439 194 3486 ante
212 3435 292 3506 annis
309 3435 537 3503 pronuntiaverat
554 3432 584 3482 in
602 3432 725 3500 Agricola
743 3449 769 3490 „c
789 3433 831 3499 qa.
860 3431 973 3490 Sciant,
992 3427 1094 3500 quibus
1111 3447 1181 3484 mo·.

130 3531 170 3582 rie
189 3542 229 3582 est
245 3529 349 3582 illicita
370 3512 486 3590 mirari,
503 3543 582 3599 posse
600 3529 682 3580 etiam
700 3527 748 3579 rub
767 3528 851 3579 malis
867 3525 1043 3597 principibus
1053 3541 1168 3593 magnos
1227 3569 1229 3572 .

110 3627 204 3679 uiros
221 3643 298 3691 esse‚·
323 3627 538 3698 obsequiumque
562 3643 596 3680 ac
626 3623 803 3685 modestiam,
833 3623 860 3676 a·
878 3620 1018 3676 industria
1036 3638 1070 3674 ae
1092 3624 1169 3690 vigor

130 3707 235 3782 assint,
266 3739 298 3774 co
318 3721 410 3776 laudis
428 3721 580 3786 excedere,
611 3741 667 3796 quo
683 3721 809 3794 plerique
826 3737 877 3791 per
904 3720 1042 3790 abrupta,
1069 3716 1146 3770 aed'
1134 3735 1167 3796 tn

128 3819 234 3871 nullum
252 3819 296 3870 rei
315 3817 559 3888 publicaturum,
580 3817 727 3870 ambitiosa
748 3828 833 3870 morte
854 3815 1063 3870 inclaruerunt.
1131 3814 1132 3819 ’

164 3915 220 3966 ro.
241 3911 419 3984 Pisonemque
437 3913 552 3982 gravius
570 3911 617 3964 M
635 3910 809 3975 PisonemQ.
831 3909 956 3978 Granius
975 3909 1094 3979 Lipsius
