2900 4724
250 243 312 308 346
653 241 871 304 ANNALIUM

108 421 134 489 (¹
150 417 319 492 mileum
342 425 446 486 modo·
463 425 570 486 matris
601 425 773 486 violentiam
800 427 891 497 modo
918 427 1009 507 ipsius
1038 428 1187 500 indolem,
1217 423 1279 484 leui

244 531 372 613 'quidem
393 533 597 611 experimento
616 553 716 614 nuper
735 537 904 615 oeguiteml,
926 555 987 614 quo
1017 543 1118 594 tamen
1139 531 1280 602 favorem*

250 634 313 697 late
336 637 539 717 quaesivisset.
581 637 679 698 Festis
703 640 835 698 Saturno
854 638 959 698 diebus
983 637 1061 698 inter
1090 635 1147 694 alia
1168 655 1278 716 aequa·

249 725 328 803 lium
347 742 465 804 ludicre
485 767 610 827 regnum
631 747 699 806 lusu
716 748 906 808 sortientium
927 739 1072 808 creuerat
1090 764 1126 802 ee
1142 741 1280 802 sorsu'e-

253 850 334 910 roni.
375 851 471 931 Igitur
499 855 605 914 ceteris
631 853 750 914 diverse
785 877 840 916 neo
873 855 1018 916 ruborem
1048 853 1195 914 allaturas
1226 849 1279 908 ubi
1297 844 1320 930 ,5

252 953 431 1016 Britannico
450 957 548 1036 iussit,
562 971 734 1041 exsurgeret
754 981 990 1042 progressusque
1004 961 1036 1020 iu
1052 959 1187 1022 medium
1208 977 1280 1016 can-

253 1069 320 1119 tum
338 1059 468 1141 aliquem
488 1063 650 1143 inciperet,
671 1048 796 1124 irrisum
818 1087 853 1124 ex
876 1086 911 1124 en
944 1086 1067 1146 sperans
1094 1065 1202 1146 pueri,
1232 1084 1281 1122 so-

253 1165 336 1226 brios
355 1188 475 1250 quoque
497 1173 652 1232 convictus
675 1173 788 1234 nedum
808 1173 989 1234 temulentos
1017 1171 1210 1254 ignorantis,
1231 1167 1283 1228 ille

255 1281 428 1338 constanter
454 1297 575 1336 exorsus
604 1287 650 1337 est
675 1289 817 1354 carmen,
842 1272 906 1357 'quo
935 1277 1089 1340 evolutum
1117 1297 1186 1334 eum
1212 1275 1282 1332 sede

254 1385 351 1464 patria
372 1383 525 1464 rebusque
551 1375 675 1446 summis
704 1387 934 1468 significabatur.
977 1387 1067 1446 Unde
1094 1391 1164 1460 orta
1193 1382 1281 1440 mise·
1308 1394 1345 1434 ιο

255 1495 333 1552 ratio
353 1492 564 1569 manifestior,
585 1493 655 1573 quia
680 1488 946 1554 dissimulationem
968 1515 1025 1554 nox
1044 1503 1074 1552 et
1092 1487 1214 1550 lascivia
1235 1507 1285 1544 ex-

256 1611 379 1664 emerat.
420 1601 502 1660 Nero
523 1601 675 1662 intellecta
696 1599 811 1660 invidia
834 1601 941 1662 odium
968 1600 1113 1669 intendit;
1147 1597 1286 1675 urgenti-

256 1703 373 1786 busque
395 1706 586 1788 Agrippinae
610 1709 724 1780 minis,
746 1705 956 1789 quianullum
977 1709 1090 1766 crimen
1114 1723 1211 1782 neque
1238 1704 1285 1760 iu·

256 1811 330 1872 bere
352 1811 476 1870 caedem
495 1812 595 1872 fratris
618 1812 717 1892 palam
741 1813 873 1874 audebat
883 1857 897 1888 ,
917 1811 1035 1878 occulta
1056 1807 1202 1884 molitur,
1233 1827 1285 1887 pa·

255 1917 378 1998 rarique
398 1939 548 1978 vencnum
573 1920 676 1992 iubet,
703 1923 843 1982 ministro
862 1897 998 1980 Pollione
1018 1915 1094 1978 lulio
1114 1915 1283 1998 praetoriae
1314 1913 1348 1970 15

257 2025 389 2090 rotonis
410 2027 549 2100 tribuno,
574 2032 660 2088 cuius
681 2051 758 2088 cura
777 2030 966 2090 attinebatur
990 2027 1135 2088 damnata
1153 2025 1287 2084 veneficii

258 2135 379 2192 nornine
403 2134 547 2203 Locusta,
564 2134 658 2193 multa
680 2135 830 2196 scelerum
849 2135 939 2199 fama.
983 2137 1057 2194 Nam
1080 2141 1114 2194 ut
1137 2131 1295 2211 proximus

258 2240 385 2322 quisque
405 2234 585 2298 Britannico.
602 2262 701 2321 neque
725 2241 768 2300 sas
798 2261 896 2321 neque
921 2243 1013 2302 fidem
1039 2241 1123 2322 pensi
1146 2238 1286 2312 haberet,

258 2345 330 2406 olim
350 2347 503 2426 provisum
525 2357 608 2406 erat.v
647 2347 785 2406 Primum
803 2369 951 2408 venenum
965 2348 1004 2408 ab
1025 2348 1097 2428 ipsis
1118 2345 1283 2404 educatori·

258 2453 315 2514 bus
336 2454 471 2533 accepit,
493 2456 681 2536 tramisitque
701 2453 835 2516 exsoluta
860 2455 930 2516 alvo
951 2477 1059 2536 parurn
1084 2451 1226 2526 validum,
1247 2451 1287 2509 si·
1306 2467 1344 2506 so

257 2579 296 2618 ue
313 2557 583 2638 temperamentum
602 2562 717 2632 inerat,
750 2581 790 2620 ne
811 2536 915 2622 statim
940 2563 1077 2624 saeuiret.
1118 2559 1178 2620 Sed
1205 2559 1286 2620 Nero
1431 2575 1432 2588 ²

221 2651 224 2656 ,
258 2667 332 2728 lenti
358 2667 475 2726 sceleris
494 2667 651 2747 impatiens
669 2669 803 2728 minitari
828 2670 962 2746 tribuno,
985 2668 1092 2728 iubere
1111 2663 1287 2746 supplicium

157 2785 167 2804 ⁸
259 2771 428 2849 veneficae,
450 2773 549 2853 quod,
569 2769 641 2831 dum
665 2795 819 2834 rumorem
853 2751 1038 2855 respiciunt,
1070 2771 1143 2831 dum
1177 2781 1287 2852 parant

260 2881 467 2955 defensiones,
489 2883 684 2940 securitatem·
702 2895 903 2943 morarentur.
945 2879 1197 2958 Promittentibus
1218 2879 1286 2939 dein

259 2987 321 3046 tam
341 2987 530 3067 praecipitem
553 3007 678 3063 necem,
701 3009 792 3068 quern
816 2991 840 3047 si
863 2989 943 3048 ferro
965 2995 1145 3068 urgeretur,
1169 2986 1287 3046 cubicu·
1306 2981 1344 3040 25

260 3093 324 3156 lum
346 3095 481 3187 ¹Caesaris
502 3095 589 3154 iuxta.
599 3094 781 3176 decoquitur
801 3099 885 3158 virus
905 3098 1032 3178 cognitis
1060 3104 1150 3157 autea
1169 3095 1287 3156 venenis

260 3201 409 3284 rapidum.
462 3204 527 3262 Mos
551 3202 720 3263 habebatur
746 3205 915 3283 principum
945 3201 1053 3262 liberos
1082 3221 1151 3260 curn
1184 3201 1347 3300 ceterisqss
1431 3283 1432 3288 η

260 3311 341 3374 idem
362 3313 468 3372 aetatis
488 3311 641 3372 nobilibus
660 3312 797 3374 sedentes
816 3313 895 3374 vesci
913 3312 942 3375 in
965 3321 1084 3392 aspectu
1106 3311 1303 3389 propinqum·

261 3441 348 3495 rum,
378 3421 499 3509 propria
526 3431 560 3480 et
589 3422 723 3501 parciore
751 3441 862 3482 mensa.
912 3419 977 3478 lllic
1007 3417 1149 3498 epula-nte
1177 3419 1291 3478 Britan-

266 3565 602 3580 ..W

335 3687 371 3724 ·r.
389 3681 418 3719 ut
437 3667 549 3738 quidam
568 3669 627 3720 Ma:
647 3667 702 3718 levi
720 3665 829 3738 quidem
847 3665 1056 3720 Freinshemius.

348 3763 372 3830 cl.
395 3779 536 3815 romonum
554 3778 664 3831 regnum
683 3761 732 3814 M‘.

294 3869 297 3876 '
336 3859 377 3909 26.
394 3854 580 3931 dequoquitur
594 3858 645 3912 Μ’.
668 3855 737 3909 idem
757 3861 782 3926 p.
800 3857 866 3926 347,
879 3871 904 3904 2.
928 3857 1071 3910 omitteret.

1431 4427 1432 4484 l
