2826 4730
325 349 330 356 ,
443 299 517 362 mu
539 299 590 362 m.
634 297 725 362 car.
750 306 878 368 sewu.
1120 301 1180 370 mc

148 506 201 548 cos
227 485 429 562 exscindere„
451 486 575 548 trahere
603 505 709 570 graves
736 485 878 566 praedam
911 494 1062 563 postremo
1097 480 1252 552 haudtac·
1273 492 1307 534 2⁰

150 596 259 677 procul
291 595 414 678 Pagyda
441 595 566 680 llumjue
592 595 747 658 cohortem
781 595 948 656 Romanum
980 593 1184 656 circumsedit.

150 703 301 764 Praeerat
336 702 458 765 castello
481 705 610 766 Decrius
639 706 769 787 impiger
793 723 906 773 murm,
939 701 1088 763 exercitus
1107 702 1189 764 mili·

150 810 194 870 tia
216 821 246 871 et
267 809 349 872 illam
368 806 554 874 obsidionem
575 811 680 893 flagitii
702 822 796 872 retus.
820 815 847 874 ls
867 811 1041 873 cohortatus
1062 809 1190 888 milites,

92 915 110 979 ὅ
148 925 185 978 ut
210 920 326 999 copiam
345 941 464 1001 pugnae
490 923 521 982 in
558 932 664 1002 aperto
692 920 848 991 timerent,
878 920 973 991 ¹aciem
1002 941 1057 1000 pro
1081 919 1190 982 castris

64 1071 68 1080 .
153 1025 285 1092 iustruit.
305 1028 469 1110 Primoque
497 1031 613 1112 impetu
643 1027 728 1112 pulsa
748 1027 890 1104 cohorte,
925 1037 1082 1109 promptus
1110 1028 1190 1088 inter

153 1132 215 1192 tela
232 1147 371 1198 occursat
388 1137 591 1215 fugientibus,
616 1141 752 1218 increpat
770 1133 928 1216 signiferos
942 1134 1025 1216 quod
1049 1135 1190 1196 incondi-
1241 1125 1243 1131 ’

154 1238 196 1298 tis
220 1249 273 1305 aut
290 1239 494 1299 desertoribus
520 1239 605 1298 miles
627 1237 780 1298 Romanus
800 1253 885 1320 terga
906 1236 1011 1310 duret;
1035 1236 1191 1300 simules-

55 1428 58 1434 ,
155 1357 243 1429 cepto
266 1329 465 1422 vulnera'et,
491 1366 665 1426 quanquam
689 1345 859 1409 transfosso
884 1341 998 1422 oculo,
1029 1345 1192 1408 adversum

98 1477 139 1518 to
154 1475 188 1518 os
214 1454 246 1514 in
267 1453 386 1514 hostem
411 1453 684 1534 intendit,'neque
706 1437 852 1536 prdelium
870 1455 988 1528 omisit,
1018 1453 1114 1514 donec
1136 1453 1194 1516 de-

94 1552 255 1636 leertus
274 1563 336 1624 suis
358 1561 491 1622 caderet.
535 1562 621 1640 Quae
642 1572 800 1644 postquem
823 1561 917 1624 Lucio
939 1560 1101 1642 Apronio,
1122 1581 1193 1624 num

157 1669 287 1734 Camillo
318 1677 520 1747 successerat,
551 1681 730 1751 comperta,
759 1671 861 1750 ,magis
894 1669 1045 1734 dedecore
1069 1691 1195 1732 suorum

157 1799 250 1861 quam
270 1775 366 1857 glorie
387 1777 482 1838 hostis
502 1780 630 1854 anxius,
653 1799 729 1838 raro·
743 1799 778 1840 ea
799 1788 975 1860 tempestate
1003 1788 1033 1840 et
1056 1786 1197 1840 eceterc

156 1883 306 1946 memoria
329 1883 474 1960 facinore,
497 1883 659 1944 decumum
681 1903 834 1965 quemque
855 1883 1070 1965 ignominiosae
1087 1881 1197 1944 cohor-

100 1991 141 2058 15
157 1995 196 2054 tis
213 1985 301 2054 ‘sorte
323 1989 429 2052 ductos
448 1988 520 2048 fusti
539 1997 636 2051 necat.
679 1990 875 2070 Tantumque
891 1990 1053 2050 severitate
1075 1987 1197 2071 profec-

158 2111 247 2178 tum,
271 2108 305 2158 ut
322 2095 464 2158 vexillum
485 2106 702 2158 veteranorum
722 2119 784 2158 non
812 2095 940 2178 emplius
957 2098 1111 2177 quingenti
1140 2115 1199 2172 nu·

160 2227 263 2278 mero,
298 2205 416 2268 easdem
449 2204 648 2266 Tacfarinatis
676 2209 778 2286 copias
804 2205 988 2288 praesidium
1023 2205 1071 2265 cui
1099 2203 1199 2264 Thale

162 2335 272 2374 nomen
291 2313 444 2394 adgressas
470 2313 611 2384 fuderint.
656 2315 727 2392 Quo
750 2313 863 2396 praelio
879 2314 976 2374 Rufus
991 2311 1116 2374 Helvius
1133 2332 1200 2393 gree

162 2423 266 2502 gorius
286 2422 369 2482 miles
413 2421 524 2482 servati
548 2423 624 2482 civis
654 2421 744 2482 decus
771 2423 903 2498 rettulit,
938 2421 1128 2502 donatusque
1155 2429 1201 2482 est

104 2551 147 2600 2⁰
163 2528 201 2592 ab
228 2527 370 2612 Apronio
397 2527 558 2608 torquibus
579 2538 609 2588 et
631 2527 729 2592 husto.
780 2529 891 2590 Caesar
923 2527 1042 2590 addidit
1073 2527 1201 2587 civicam

164 2657 327 2710 coronam,
348 2631 432 2716 quod
450 2656 510 2696 uon
534 2655 600 2694 eam
622 2655 744 2716 quoque
762 2636 914 2715 Apronius
930 2635 996 2696 iure
1016 2632 1203 2718 proconsulis
1225 2703 1236 2720 ι

165 2743 344 2824 tribuisset,
367 2753 489 2826 questus
516 2745 610 2826 magis
636 2764 732 2826 quam
758 2741 900 2806 offensus.
932 2742 993 2806 Sed
1024 2743 1203 2828 Tacfarinas

166 2949 494 2968 fi—-ua—-n-—n———u

251 3069 278 3122 8·
297 3067 379 3120 simul
397 3066 661 3140 exceptaculum]
682 3069 771 3120 Fortis
792 3064 1074 3134 castellopotonis·
1091 3057 1207 3119 vulnera

168 3159 281 3212 adverso
301 3169 409 3230 pectore
427 3161 561 3232 vultuque
579 3166 703 3230 excepit,
727 3160 790 3212 dum
810 3167 951 3230 promptus
969 3160 1042 3212 inter
1060 3159 1115 3210 tela
1132 3157 1228 3238 fugis
1263 3217 1267 3234 ι

165 3254 279 3308 xcutibus
301 3262 439 3318 occursat,
468 3255 596 3326 idemque
619 3262 649 3306 ut
666 3255 787 3306 animum
810 3255 911 3308 faceret
935 3254 1056 3316 timidis,
1079 3243 1207 3306 iulneru-
1251 3314 1255 3324 Ι

168 3355 228 3400 tum
247 3365 343 3418 corpus
362 3346 488 3401 hostibus
508 3348 620 3401 obiecit.
640 3362 752 3423 excepto
770 3351 885 3402 vulnera
902 3346 1138 3416 comprehendunt
1149 3364 1209 3398 om-

170 3445 216 3500 uia
237 3441 365 3505 vulnera,
384 3459 453 3516 quae
473 3445 499 3496 ei
521 3443 626 3496 inflictu
645 3453 737 3506 erant,
754 3445 802 3497 scd
821 3461 853 3494 ex
873 3443 907 3494 iis
927 3441 1010 3494 unum
1030 3441 1209 3508 insignem!-

169 3551 222 3588 nus
240 3551 288 3587 cre
318 3545 461 3605 exceptum
489 3539 606 3606 propriis
635 3537 794 3614 nominihus
818 3537 981 3605 designatur.
1029 3535 1125 3604 ltaque
1154 3541 1209 3589 tam

171 3635 284 3700 excepta
299 3632 420 3684 vulnero
439 3649 521 3702 quam
541 3630 686 3685 adversum
704 3651 733 3685 os
752 3633 786 3683 ad
804 3631 915 3682 uerbum
931 3627 1052 3682 intendit
1066 3630 1209 3682 referenda

165 3732 243 3777 suut.
280 3725 419 3778 Ernestius
437 3735 500 3793 post
518 3739 631 3796 excepta
651 3728 765 3780 vulnera
783 3725 896 3777 verbum
915 3722 1036 3776 ostendit
1068 3722 1112 3774 vel
1132 3722 1208 3772 aliud

174 3828 301 3886 cogitatae
321 3820 527 3887 significationis
546 3819 679 3871 excidisse
697 3821 837 3888 opinatur,
857 3815 1083 3871 Waltheruscum
1102 3816 1209 3869 ltheua-

168 3899 209 3970 'uc
230 3929 261 3964 ca
279 3913 411 3968 vocabulo
432 3931 481 3984 pro
494 3914 669 3990 romipetivis
687 3915 799 3981 accepit.
1158 3893 1159 3897 Ἰ
