2862 4730
527 237 601 304 LlB.
625 242 649 307 l
691 241 782 306 cAP.
807 249 853 312 tu.
879 253 929 314 11.
1196 257 1234 322 1⁵

195 424 241 486 vis
258 423 288 484 in
303 441 374 491 :reni
397 421 556 504 publicem
574 432 694 504 meter,
732 428 835 508 gravis
859 428 963 493 domui
990 429 1153 504 coetuum
1174 459 1231 500 oe·
1248 435 1318 506 (rc.
1331 435 1382 512 'ii

194 551 295 594 verca,
336 530 422 595 Nihil
443 531 573 595 deorum
596 529 766 607 honoribus
793 533 957 615 relietum,
990 559 1061 602 eom
1093 564 1124 606 se
1155 555 1231 610 tem.

194 641 253 724 plis
275 654 304 702 et
324 639 421 724 effigie
445 643 608 704 numinum
630 661 685 723 per
708 639 845 706 flamines
859 654 889 708 et
910 645 1081 712 saeerrlotes
1093 652 1153 716 ooli
1166 655 1232 718 vel·

125 811 128 824 ,
195 748 247 816 let.
302 749 348 812 Ne
378 749 540 815 Tiberium
561 747 684 833 quidem
704 749 834 813 caritate
855 763 909 814 aut
929 755 973 815 rei
993 757 1136 840 publisee
1159 783 1234 827 cure

160 860 397 924 ssueceeorem
419 857 584 920 adscitum
620 859 674 922 sed
701 860 849 944 quonism
879 859 1089 946 adrofflotiam
1110 872 1234 943 saeviri.
1321 896 1324 908 ·

193 953 303 1052 eroqu'e
321 969 385 1030 eius
410 968 644 1051 introspexerit,
665 968 893 1050 comparatione
912 969 1074 1036 deterrima
1093 975 1152 1040 sibi
1167 979 1234 1063 gle-

157 1143 162 1150 ,
194 1074 270 1154 riarn
291 1077 485 1156 quaesivisse.
527 1076 651 1142 Etenim
672 1077 829 1158 Augustus
848 1079 1033 1158 peoeisaote
1045 1085 1146 1162 arou,
1162 1107 1233 1152 urar

194 1180 319 1246 Tiberio
334 1184 537 1250 ,tribuniciam
556 1171 736 1268 pot'estotern
755 1206 773 1248 a
796 1183 934 1268 putribus
962 1208 1083 1256 rursum
1102 1195 1232 1276 postula·

192 1303 258 1370 ret,
275 1309 450 1376 quenquam
469 1294 588 1356 honora
609 1294 774 1375 emtione,
799 1293 950 1378 quaedam
974 1296 1015 1360 de
1035 1298 1143 1366 heloitu
1163 1303 1231 1368 cul-

115 1507 373 1604 ¹uprelsreret
404 1507 548 1572 Ceterum
568 1507 727 1592 sepultura
745 1531 834 1578 mors
853 1511 1006 1594 perfeeto,
1034 1514 1183 1598 ternplum
1202 1527 1234 1580 et

195 1614 335 1678 caelestes
358 1617 519 1700 religiones
538 1614 758 1684 decernuntur.

277 1721 392 1786 Versae
413 1723 485 1786 inde
509 1723 549 1784 ad
567 1722 727 1788 Tiberium
748 1745 864 1808 preoes
905 1723 950 1790 Et
968 1725 1021 1792 iile
1042 1729 1127 1790 varie
1139 1727 1232 1792 disse

194 1829 304 1906 rebat,
326 1831 366 1893 us
390 1830 599 1915 magnitudine
619 1834 761 1916 imperil,
783 1851 837 1898 sue
852 1831 1007 1898 modestia.
1049 1833 1153 1898 Solam
1168 1835 1232 1902 diri

149 1929 327 2020 rirlugusti
347 1949 481 2002 nentem
500 1948 604 2004 tentae
624 1940 714 2004 molis
736 1959 893 2026 capererur
926 1942 1009 2020 seio
1030 1952 1151 2024 portem
1178 1963 1233 2008 eu·

191 2065 295 2110 rarum
316 2047 356 2108 eb
378 2047 433 2110 illo
449 2060 591 2112 voeetrnn
604 2047 790 2132 experiendo
801 2047 960 2123 didicisse,
982 2031 1077 2132 quem
1089 2048 1232 2134 uduum,

190 2175 282 2237 quaro
301 2155 472 2218 subiectum
491 2157 632 2223 senuaar
647 2157 772 2241 regendi
789 2166 901 2220 cuneta
915 2173 1005 2222 onus.
1047 2156 1182 2222 Proinde
1199 2159 1232 2220 in

169 2263 314 2325 'civitat-e
343 2275 388 2326 tot
420 2262 586 2329 illustribus
612 2267 687 2328 viris
710 2265 839 2330 subnixe
859 2283 922 2328 noo
944 2263 984 2326 ad
1005 2283 1103 2328 unum
1127 2267 1232 2328 omnin

187 2369 360 2433 deferrent:
386 2373 491 2456 plures
510 2371 629 2436 facilius
652 2373 756 2436 munia
782 2375 826 2438 rei
848 2370 988 2456 publicae
1007 2372 1125 2436 meiero
1147 2371 1230 2436 labo·
1344 2417 1348 2426 ·

141 2465 277 2542 roribus
296 2493 501 2544 exsecuturos.
545 2480 620 2542 Plus
640 2483 672 2542 in
686 2482 823 2543 oratione
843 2479 899 2542 teli
920 2478 1076 2561 diguitatis
1095 2497 1188 2563 qnam
1200 2480 1230 2542 ii·

190 2579 239 2651 dei
258 2597 348 2668 erat;
386 2588 571 2672 Tiberioque
602 2591 695 2654 etiam
714 2588 745 2650 in
769 2586 860 2650 rebus
883 2607 959 2670 ques
983 2607 1045 2652 noa
1066 2589 1232 2668 occuleret,

190 2715 244 2758 seu
261 2708 372 2761 nature
397 2697 461 2758 sive
485 2696 698 2772 assuetudine,
733 2713 876 2776 suspenso
898 2714 1019 2778 semper
1040 2707 1072 2760 et
1091 2697 1228 2760 obscure

190 2805 306 2886 verba,
325 2817 401 2868 tune
427 2823 499 2868 vero
522 2805 645 2880 nitenti,
669 2814 705 2866 ut
724 2821 831 2866 sensus
849 2822 920 2866 suos
941 2803 1064 2884 penitus
1085 2801 1226 2884 abderet,

189 2913 220 2972 in
244 2911 397 2976 incertum
422 2924 452 2974 et
466 2911 645 2994 ambiguum
658 2913 754 2995 magis
766 2908 1016 2998 implicabantur.
1059 2910 1100 2972 At
1112 2920 1228 2996 potres,

144 3013 299 3100 orionibus
319 3041 399 3084 uuus
421 3031 518 3083 metus
539 3020 565 3079 si
587 2999 764 3102 intellegere
775 3018 974 3093 viderentur,
990 3016 1021 3078 in
1035 3029 1160 3100 questus
1175 3017 1227 3096 ¹lu·

190 3128 299 3188 erimus
318 3125 535 3205 votneffundi3
552 3127 592 3190 od
613 3127 685 3188 deos
707 3125 747 3188 ad
771 3123 901 3207 effigiem
924 3124 1056 3210 Augusti
1076 3126 1116 3188 ad
1128 3146 1228 3210 genua

189 3237 283 3315 ipsius
296 3255 404 3296 manus
412 3234 546 3312 tendere,
556 3256 626 3296 eum
637 3235 769 3317 proferri
781 3232 923 3296 libellum
929 3233 1114 3322 recitarique
1128 3233 1225 3301 iussit.

190 3514 266 3562 rutae
285 3509 421 3564 videntur.
463 3509 572 3576 Insigne
590 3506 671 3562 luxus
688 3505 724 3558 ab
743 3505 863 3576 Augusto
883 3507 971 3560 adiuti
987 3507 1145 3576 exemplum
1163 3521 1225 3558 cunr
1277 3575 1280 3582 Ι

188 3605 298 3656 nonnisi
318 3620 402 3655 unum
423 3609 600 3674 suppeteret,
621 3602 674 3656 hoc
695 3603 795 3658 severis
816 3603 877 3656 istit
897 3597 1058 3664 iuditibus,
1077 3601 1125 3671 qui
1138 3599 1225 3669 probe

189 3697 362 3755 discernendi
380 3707 444 3752 sunt
461 3715 475 3750 a
495 3699 578 3770 plebe
598 3706 754 3761 moerente,
773 3697 892 3750 sufficere
910 3703 1025 3770 poterat
1060 3726 1065 3732 ·

278 3815 299 3852 ι.
317 3797 430 3867 gravius
449 3797 493 3859 lli,
518 3793 675 3848 emendavit
692 3792 841 3854 Beroaldus
859 3797 890 3850 iu
909 3793 1141 3849 tornutionibus.

260 3891 302 3944 ae.
321 3890 360 3943 od
377 3907 421 3943 eos
440 3891 484 3945 M:
507 3889 546 3944 ad
562 3888 627 3943 deor
645 3889 803 3948 Beroaldus.
