2826 4730
436 257 514 316 nie.
542 234 597 316 ni·
640 253 728 314 car.
757 247 885 320 io-—iet
1115 223 1179 320 157·

139 425 434 494 sianul'uobilitatem
453 432 582 505 domus,
604 432 694 490 etiam
716 433 807 510 ipsius
829 451 951 511 quoquo
967 429 1056 490 modo
1071 429 1217 508 meritifa‘
1228 426 1325 493 aaa.)

140 561 263 620 gravem
284 561 386 600 casum
413 540 580 602 miseratus.
635 541 695 598 Pro
727 541 869 622 Plancina
888 546 966 596 ‘eum
995 537 1116 616 pudore
1146 549 1177 597 et

137 645 249 728 flagitio
271 645 424 721 disseruit,
452 645 554 704 matris
576 665 678 724 preces
688 643 878 714 'j'obtendens;
903 645 932 701 in
957 640 1047 722 quam
1072 645 1177 724 optimi

138 757 284 837 cuiusque
302 755 408 814 secreti
433 764 555 833 questus
580 753 672 834 magis
705 751 914 810 ardesccbant.
961 753 992 810 ld
1028 771 1110 834 erga
1133 753 1178 814 fas
1212 745 1225 818 ,¹

110 855 251 936 5aviae,
289 861 524 921 interfectricem
557 862 677 939 nepotis
706 861 861 940 adspicere
903 859 1017 941 alioqui
1058 860 1178 942 eripere

139 969 266 1030 senatui.
309 969 400 1046 Quod
423 989 479 1049 pro
500 967 642 1028 omnibus
664 969 782 1032 civibus
804 967 883 1050 leges
909 969 1088 1042 obtineant,
1125 969 1196 1036 uni,

138 1078 319 1137 Germanico
346 1098 406 1136 non
431 1076 600 1160 contigisse.
645 1074 760 1136 Vitellii
799 1087 828 1136 et
859 1074 989 1137 Veranii
1022 1095 1094 1134 voce
1122 1075 1177 1136 de-

137 1179 242 1240 lletutn
277 1181 458 1256 Caesarem,
500 1123 540 1240 al>
572 1183 760 1262 imperffatore
782 1191 813 1242 et
848 1182 985 1264 Augusta
1022 1159 1193 1258 defensam(

137 1279 327 1348 Plancinam.
370 1287 506 1348 Proinde
533 1309 648 1348 venena
671 1297 702 1348 et
722 1299 803 1349 artes
830 1297 891 1348 tam
917 1287 1041 1348 feliciter
1073 1309 1177 1369 cxper

8 1385 9 1388 ¹
79 1415 118 1454 ιο
138 1406 184 1456 tas
206 1408 337 1458 verteret
359 1395 390 1454 in
412 1398 635 1476 Agrippinam,
666 1397 695 1456 in
717 1395 830 1456 liberos
862 1400 942 1468 eius,
968 1397 1178 1477 egregiamque

135 1506 236 1564 aviam
258 1525 295 1564 ac
323 1515 464 1584 patruum
495 1492 641 1584 sanguine
663 1505 848 1562 miserrimae
870 1503 976 1562 domus
1006 1505 1178 1565 exsatiaret.

61 1614 65 1622 ’
135 1611 267 1672 Biduum
280 1633 373 1700 super
389 1613 463 1672 haec
479 1593 607 1693 imagine
628 1613 809 1693 cognitionis
824 1611 1026 1694 absumptum,
1051 1622 1178 1693 urgente

135 1719 261 1780 Tiberio
276 1719 387 1781 liberos
402 1721 535 1798 PisoniS,
546 1731 672 1782 matrem
684 1722 729 1780 uti
744 1731 915 1786 tuerentur.
929 1723 970 1782 Et
979 1735 1177 1804 cumaccupaw

134 1834 220 1886 tores
241 1848 276 1887 ac
299 1835 391 1888 testes
412 1828 550 1888 certatim
572 1839 751 1909 perorarent
775 1829 978 1908 respondente
1001 1827 1099 1906 nullu,
1122 1835 1177 1890 mi·

78 1927 119 1992 15
138 1937 249 1996 seratio
272 1955 363 2020 quam
385 1936 501 1997 invidia
526 1937 699 2017 angebatur.
742 1941 861 2000 Primus
881 1935 1061 1998 sententiam
1088 1959 1177 2018 roga·
1211 1921 1214 1933 ¹

133 2053 185 2104 tus
209 2043 352 2106 Aurelius
373 2047 462 2107 Cotta
488 2045 595 2107 consul
625 2028 706 2138 (upra
739 2048 892 2110 referente
923 2047 1051 2108 Caesare
1083 2049 1177 2130 magi-

50 2220 53 2236 ,
135 2163 248 2212 stratus
271 2174 306 2212 eo
331 2157 422 2214 etiarn
438 2175 565 2214 munere
582 2154 799 2236 fungebantur)
815 2155 1052 2216 nomenPisonis
1066 2155 1177 2216 raden-

135 2257 210 2318 dum
230 2260 315 2350 fastis
343 2264 480 2332 censuit,
512 2270 628 2342 partem
657 2262 808 2322 bonorum
840 2263 1072 2342 publicandam,
1106 2281 1177 2344 pars

99 2423 106 2438 x
135 2375 171 2425 ut
194 2369 298 2428 Gnaeo
323 2369 426 2428 Pisoni
449 2367 511 2428 filio
543 2369 775 2446 concederetur,
796 2372 882 2450 isque
903 2376 1086 2450 praenomen
1111 2393 1177 2431 mu-

74 2485 117 2543 ¹20
137 2484 237 2552 taret;
262 2477 382 2537 Marcus
406 2476 476 2536 Piso
495 2487 581 2535 exuta
604 2476 751 2559 dignitate
774 2487 803 2536 et
833 2490 954 2556 accepto
978 2483 1176 2561 quinquagies

137 2582 276 2640 sestertio
299 2581 331 2642 in
354 2582 459 2644 decem
480 2605 575 2642 annos
602 2583 807 2664 relegaretur,
841 2605 982 2644 concessi
1012 2584 1176 2647 Plancinae
1218 2657 1220 2662 Ι

55 2659 145 2759 18
153 2685 345 2749 ocolumitate
365 2690 405 2750 ob
426 2711 529 2770 preces
552 2693 714 2771 Augustae.
766 2687 862 2748 Multa
896 2712 928 2750 ex
960 2713 995 2750 ea
1029 2694 1176 2752 sententia

137 2793 276 2875 mitigata
297 2807 406 2864 sunta
428 2797 588 2876 principe·
612 2816 650 2854 ne
668 2817 791 2860 nomen
796 2796 911 2856 Pisonis
933 2796 1015 2863 fastis
1033 2801 1177 2859 eximere·

135 2911 207 2974 tur,
229 2901 464 2983 quandollfarci
489 2903 639 2977 Antonii,
672 2905 724 2984 qui
745 2901 861 2960 bellum
886 2905 1004 2996 patriae
1038 2902 1175 2978 fecisset,

77 2999 119 3062 25
141 3006 198 3067 Iuli
222 3011 369 3086 Antonii,
390 3013 442 3092 qui
465 3011 585 3070 domum
609 3012 738 3092 Augusti
763 3009 924 3085 violasset,
948 3023 1113 3074 manerent.
1136 3013 1178 3074 Et

136 3115 275 3176 Marcum
290 3119 442 3178 -Pisoaem
461 3120 649 3199 ignominiae
670 3118 796 3186 exeruit,
832 3112 1041 3201 concessitque
1067 3123 1105 3203 ei*
1123 3145 1176 3203 pa-

89 3299 91 3302 ,
123 3234 225 3308 terna
248 3225 326 3284 bona
340 3214 439 3306 ‚satia
460 3227 582 3302 firmus,
618 3239 652 3284 ut
680 3247 768 3304 saepe
799 3228 984 3308 memoravi,
1014 3227 1176 3288 adversum

135 3334 316 3410 pecuniam,
340 3345 369 3392 et
390 3345 454 3392 tum
476 3333 593 3427 pudore
612 3333 731 3392 absolut
721 3343 766 3390 tae
791 3331 957 3390 Plancinae
987 3333 1174 3412 placabilior,

137 3441 240 3522 Atque
260 3441 367 3518 idern,
388 3463 457 3502 cum
478 3437 621 3500 Valerius
642 3438 818 3499 Messalinus
840 3446 960 3522 signum
994 3461 1119 3502 aureum
1144 3443 1174 3502 in

227 3698 253 3748 9.
270 3662 389 3748 perinde
405 3683 446 3732 M:
466 3652 584 3752 proinde
603 3681 755 3733 Rhenanus.
834 3713 839 3720 -

210 3793 251 3826 ai.
271 3777 450 3849 relegaretur]
473 3781 611 3847 religatur
629 3780 672 3842 M3
692 3778 810 3846 corrasit
829 3775 944 3845 Lipsius.
1015 3817 1016 3820 ,

210 3871 254 3926 25.
275 3871 339 3923 iulii
353 3874 469 3930 ,articuli
487 3875 522 3924 Μ.
544 3883 572 3926 ct
590 3892 651 3925 tucn
673 3880 714 3929 58.
734 3870 796 3926 dum
812 3875 865 3940 'pru
885 3885 949 3922 tunt.
