2900 4724
247 343 305 406 290
645 329 868 396 ANNALtUM

24 575 26 582 .
97 522 122 590 (a
140 525 158 574 C
178 524 230 594 tu)
242 531 368 580 centena
390 522 543 600 octoginta
566 529 709 602 quattuor
731 520 814 580 milia
844 515 1034 599 septuaginta
1069 513 1140 575 duo.
1194 513 1281 598 Isque

23 612 24 622 ἶ
243 629 286 688 illi
308 627 376 686 finis
395 631 527 688 inscitiae
547 649 618 710 erga
638 629 765 688 domum
786 646 872 688 suam
890 623 958 688 suit.
989 621 1079 682 Haud
1100 621 1195 682 multo
1215 635 1282 704 post

242 736 354 816 flagitia
376 740 478 796 uxoris
502 756 626 797 noscere
648 757 682 796 ac
700 735 812 816 punire
831 731 969 804 adactus,
993 739 1028 789 ut
1052 729 1162 790 deinde
1192 730 1281 792 arde·

240 862 335 910 sceret
355 837 526 932 in'nuptias
548 853 688 911 incestas.

325 957 389 1020 lam
418 959 576 1020 Messalina
617 956 782 1020 facilitate·
805 957 1024 1019 adulteriorum
1063 957 1094 1016 in
1127 928 1338 1010 fastidiumffiss

239 1087 324 1130 versa
355 1067 393 1128 ad
422 1068 588 1150 incognitas
623 1067 765 1128 libidines
800 1065 1001 1148 profluebat,
1035 1085 1106 1124 cum
1138 1058 1280 1138 abrumpi

133 1169 135 1174 ¹
239 1172 508 1236 dissimulationem
530 1176 620 1236 etiam
639 1173 747 1248 Silius,
771 1175 834 1233 sive
859 1171 940 1232 satali
959 1169 1133 1244 uecordia,
1162 1187 1201 1226 an
1223 1167 1280 1226 im·

238 1281 420 1342 minentium·
443 1279 653 1364 periculorum
674 1282 841 1342 remedium
863 1285 926 1362 ipsa
950 1277 1084 1362 pericula
1105 1286 1203 1352 ratus,
1225 1296 1279 1336 ur-

238 1388 339 1471 gebat.
382 1393 502 1473 Quippe
521 1413 586 1452 non
606 1413 643 1452 eo
666 1401 810 1467 rentum,
832 1401 866 1449 ut
885 1399 1038 1451 senectam
1052 1383 1202 1467 principis
1222 1405 1279 1466 op·

237 1499 416 1577 potirentur.
461 1479 634 1562 Insontibus
655 1503 775 1561 innoxia
798 1498 935 1576 consilia,
969 1497 1089 1580 flagitiis
1112 1494 1278 1554 manifestis
1299 1500 1355 1581 ¹⁰¹

134 1633 143 1646 =
237 1605 404 1666 subsidium
435 1609 474 1668 ab
508 1609 643 1670 audacia»
666 1610 854 1691 petendum3
887 1607 992 1669 adesse
1025 1609 1161 1668 conscios
1192 1605 1278 1684 paria

236 1723 415 1780 metuentes.
461 1713 501 1775 Se
529 1714 695 1786 caelibem,
729 1715 860 1794 orbum,
897 1712 1011 1794 nuptiis
1041 1697 1072 1771 et
1101 1711 1278 1792 adoptando

237 1818 411 1881 Britannico
432 1833 598 1902 parntnm3
624 1823 795 1883 mansuram
821 1821 948 1882 eandem
970 1821 1148 1881 Messalinae
1168 1832 1277 1902 poten·

235 1931 309 1989 tiam
331 1929 431 1990 addita
455 1933 626 2006 securitate,
660 1932 684 1990 si
718 1932 932 2010 praevenirent
952 1927 1124 2006 Claudium,
1146 1939 1181 1989 ut
1201 1930 1278 1990 insi·

181 2071 183 2080 x
237 2035 294 2096 diis
311 2037 476 2108 incautum,
503 2036 546 2096 ita
570 2037 633 2094 irae
654 2055 832 2114 properum.
876 2035 1015 2113 segniter
1035 2053 1088 2094 eae
1108 2055 1199 2095 voces
1218 2055 1271 2095 ae·
1297 2013 1334 2076 ¹5

238 2154 355 2225 ceptae,
377 2166 436 2204 non
459 2165 561 2203 amore
577 2145 607 2202 in
621 2143 784 2217 maritum,
807 2141 859 2204 sed
883 2161 921 2200 ne
933 2141 1023 2202 Silius
1046 2163 1164 2203 summa
1183 2143 1277 2226 adep-

201 2223 212 2246 l
237 2261 285 2310 tus
303 2261 457 2331 sperneret
473 2247 650 2322 adulteram,
673 2249 830 2329 scelusque
850 2249 927 2307 inter
947 2248 1095 2330 ancipitia
1116 2251 1278 2330 probatum

238 2359 320 2416 veris
344 2378 412 2416 mox
431 2356 536 2436 pretiis
568 2355 751 2414 aestimaret.
807 2353 924 2415 Nomen
955 2367 1058 2415 tamen
1090 2359 1277 2418 matrimonii

237 2465 411 2544 concupivit
431 2461 472 2522 ob
491 2461 730 2542 magnitudinem
760 2463 923 2539 infamiae,
952 2465 1037 2523 ouius
1058 2463 1139 2544 apud
1169 2465 1275 2545 prodi-

237 2591 289 2650 gos
311 2573 472 2634 novissima
493 2568 632 2650 voluptas
655 2581 707 2630 est.
761 2570 822 2630 Nec
853 2571 932 2632 ultra
963 2582 1154 2651 exspectato,
1183 2593 1276 2653 quam
1293 2584 1335 2624 20
1442 2623 1443 2641 ,

238 2676 310 2738 dum
331 2679 468 2746 sacrificii
491 2681 588 2758 gratia
601 2677 747 2737 Claudius
769 2679 887 2738 Ostiam
907 2679 1159 2760 proficisceretur,
1182 2662 1277 2741 cuucss

236 2797 267 2846 ta
290 2787 462 2865 nuptiarum
485 2785 620 2845 solennia
640 2785 783 2852 celebrat.
826 2784 918 2846 Haud
934 2807 1001 2847 sum
1021 2785 1142 2868 ignarus
1163 2777 1335 2859 sabulo-27
1438 2829 1439 2832 =

159 2969 162 2978 1
238 2915 303 2954 sum
326 2898 422 2954 visum
446 2895 621 2953 initantum
645 2889 714 2951 ullis
742 2891 916 2952 mortalium
937 2893 1108 2954 securitatis
1130 2892 1221 2954 fuisse
1243 2897 1274 2955 in

237 3003 359 3060 civitate
378 2999 514 3058 omnium
536 3017 631 3079 gnara
654 3010 684 3058 et
705 2997 782 3058 nihil
803 2998 963 3076 reticente,
985 3000 1099 3060 nedum
1120 3002 1274 3062 consulem

238 3106 423 3187 designatum
444 3126 513 3164 cum
534 3125 626 3164 uxore
649 3105 813 3186 principis,
835 3105 994 3186 praedicta
1028 3105 1093 3181 die,
1130 3107 1274 3170 adhibitis
1293 3097 1337 3157 25
1434 3167 1435 3190 ᾖ

239 3217 290 3296 qui
313 3213 522 3294 obsignarent,
546 3211 627 3271 velut
646 3211 905 3292 suscipiendorum
919 3213 1083 3274 liberorum
1095 3235 1184 3276 causa
1201 3239 1274 3277 con-

191 3385 196 3396 ,
238 3321 372 3394 venisse,
397 3319 489 3400 alque
510 3317 593 3378 illam
617 3320 733 3378 audisse
755 3322 913 3399 auspicum
943 3321 1065 3398 verba,
1098 3320 1212 3382 subisse
1232 3351 1274 3400 s,

327 3502 349 3554 5.
369 3499 557 3552 adulterorum
576 3499 631 3549 Me:
666 3497 865 3552 adulteriorum
901 3501 988 3568 Spita.
1027 3475 1092 3566 blo-x
1122 3517 1146 3568 7.
1175 3519 1275 3572 orgue-

230 3594 287 3644 'bat
308 3594 358 3644 Ml·

324 3703 349 3753 9.
368 3699 477 3736 senecta
489 3703 530 3753 pr.
552 3688 725 3754 opperiretur
743 3689 802 3740 M²z
819 3665 954 3740 ascisclum
972 3706 1014 3756 pr.
1033 3690 1225 3760 opperirentur
1238 3691 1272 3743 G.

312 3797 350 3833 ιι.
369 3783 464 3846 naria]
480 3781 600 3849 patriam
621 3781 667 3830 tta.
689 3781 759 3832 idem
779 3786 818 3835 23.
838 3795 919 3834 tacito
937 3785 1030 3836 nullis.

310 3891 350 3942 ²7·
369 3875 471 3926 subisse
484 3903 495 3925 a
517 3873 527 3946 1
549 3874 626 3925 {laud
645 3875 728 3928 dubie
748 3885 810 3942 post
826 3875 877 3928 hoe
895 3879 1006 3928 verbum
1026 3877 1131 3946 aliquid
1150 3893 1164 3928 a
1190 3877 1276 3928 libra·

241 3969 286 4020 riis
306 3971 432 4020 omissum
451 3975 493 4020 est
506 3985 513 4034 5
528 3986 589 4020 nam
610 3985 699 4040 neque
717 3972 853 4023 sententia
873 3987 962 4043 neque
977 3976 1093 4042 partiam
1112 3975 1197 4025 totius
1219 3974 1275 4024 loti
1314 3966 1319 3980 ¹
