2862 4730
376 362 512 444 nin
537 362 576 425 u.
622 363 714 427 cnr.
740 351 872 434 ns-ssto
945 301 969 326 ’
1146 375 1187 440 ss
1217 335 1231 378 ²
1261 339 1290 426 ’.

139 452 189 477 ,ιν-,ι

140 557 230 616 Missa
255 549 405 654 extemplo
428 571 534 611 manus
556 571 635 632 quae
655 549 775 612 bostem
797 573 814 612 a
838 553 939 616 fronte
960 554 1099 632 eliceret,
1122 553 1179 615 alii
1192 553 1262 625 (aC
1267 561 1335 628 26.)

23 649 28 657 Χ
68 722 72 735 ,
140 665 192 745 qui
215 673 297 744 terga
318 657 531 742 circumgressi
523 657 744 720 *recluderent
764 658 916 741 humum;
938 672 968 722 et
989 669 1125 746 utrisque
1141 668 1187 726 ai·

139 773 200 836 fuit
224 773 358 834 fortuna.
407 769 455 828 Eo
475 767 650 849 promptior
674 767 784 828 Caesar
804 774 905 855 pergit
926 774 1097 852 introrsus,
1132 747 1185 855 pd·

138 881 266 966 pulatur
291 875 436 941 exscindit
464 895 526 936 non
550 895 656 936 nusum
679 879 823 958 congredi
844 881 960 942 hostem
983 893 1053 958 aut,
1090 884 1186 944 sicubi

112 990 316 1062 institerat,
341 987 452 1047 statim·
466 985 599 1068 pulsum,
623 1005 680 1046 nec
702 1007 839 1068 unquam
862 991 978 1071 magis,
1001 1001 1036 1050 ut
1058 1013 1091 1050 ex
1114 1013 1187 1073 cap-

138 1101 210 1161 tivis
232 1099 385 1180 cognitum
406 1107 473 1168 est,
505 1105 679 1176 paventem.
738 1095 861 1180 Quippe
891 1099 1019 1159 invictos
1043 1111 1073 1160 et
1094 1101 1185 1164 nullis

139 1207 258 1269 casibus
277 1199 463 1286 superabiles
484 1205 639 1266 Romanos
660 1203 902 1286 praedicabant,
924 1208 976 1289 qui
988 1208 1185 1288 perditaolas·

140 1315 192 1394 s'e,
227 1315 342 1376 amissis
372 1315 487 1390 armis,
523 1322 591 1394 post
621 1324 773 1373 constrata
807 1336 958 1398 equorum
988 1317 1185 1399 virorumque

140 1423 318 1506 corporibus
338 1421 442 1482 littora
477 1421 582 1482 eadem
605 1423 738 1497 virtute,
771 1424 836 1504 pari
863 1424 1001 1501 ferocia,
1036 1435 1067 1487 et
1087 1428 1184 1490 veluti

79 1502 221 1592 diiuncti
245 1551 376 1591 numero
397 1531 586 1610 irrupissent.
641 1530 796 1592 Reductus
825 1531 931 1591 inde'
924 1553 953 1590 ιη
976 1533 1103 1596 hiberna
1124 1539 1184 1597 mi·
1230 1523 1235 1536 Χ

135 1641 202 1720 los,
224 1643 324 1703 laetus
343 1641 435 1700 animi
455 1637 539 1719 quod
561 1615 687 1698 adversa
709 1641 802 1698 maris
830 1639 1018 1719 expeditione
1038 1663 1182 1720 prospera

135 1752 331 1833 pensavisset.
374 1744 500 1810 Addidit
522 1719 759 1808 munificentiam
784 1747 912 1818 Caesar,
946 1757 1093 1828 quantum
1116 1754 1183 1831 quis

136 1858 240 1918 damni
263 1855 415 1938 professus
436 1865 522 1928 erat,
547 1853 738 1916 exsolvendo.
782 1855 846 1916 Nec
867 1854 993 1914 dubium
1012 1853 1184 1920 hebebatur

134 1963 242 2026 labare
272 1963 374 2024 liostes
406 1963 613 2045 petendaeque
640 1967 722 2045 pacis
755 1961 878 2025 consilia
909 1983 1051 2037 sumere,
1097 1977 1126 2025 et
1158 1969 1183 2028 si

93 2071 277 2156 sbproxima
303 2081 400 2132 aestas
422 2069 623 2150 adiiceretur,
644 2093 730 2152 posse
750 2052 867 2148 bellum
882 2069 1007 2154 patrari.
1051 2073 1109 2134 Sed
1122 2095 1183 2136 crc-

138 2182 204 2242 bris
225 2157 364 2260 epistulis
387 2178 533 2240 Tiberius
551 2179 715 2252 monebat,
748 2178 864 2240 rediret
887 2179 925 2239 ad
947 2178 1103 2242 decretum
1126 2185 1182 2244 tri·

139 2288 305 2370 'umplrum3
331 2287 402 2348 satis
424 2289 484 2356 ium
507 2298 692 2364 eventuum,
716 2287 785 2348 satis
804 2307 940 2347 casuum.
972 2285 1120 2370 Prospera
1137 2290 1181 2354 illi

140 2407 170 2460 et
192 2417 302 2478 magns
320 2392 459 2476 praelia:
491 2415 740 2478 eorumquoque
763 2396 967 2474 meminisset,
998 2402 1182 2478 quaerenti
1289 2467 1290 2470 Ἴ
1328 2467 1335 2478 ,

138 2513 168 2563 et
188 2499 318 2576 fluctus,
342 2503 426 2564 nulla
447 2503 536 2564 ducis
557 2501 666 2583 culpo,
687 2501 902 2584 graviatamen
920 2513 951 2564 et
965 2523 1052 2564 saeva
1070 2504 1182 2566 damna
1268 2583 1273 2596 .

92 2627 130 2668 no
143 2609 321 2676 intulissent.
365 2599 532 2672 Sessnovies
554 2632 570 2671 a
595 2609 667 2671 divo
690 2610 831 2692 Augusto
853 2613 885 2670 in
899 2610 1095 2698 Germaniam
1108 2613 1203 2674 mis-'¹

137 2741 204 2780 sum
227 2718 316 2802 plura
336 2720 462 2782 consilio
485 2739 578 2803 quam
598 2717 630 2778 ri
652 2716 821 2799 perfecisse.
863 2717 913 2776 sic
933 2717 1120 2797 Sugambros
1149 2697 1197 2780 in,
1251 2765 1255 2772 ,

139 2827 325 2888 deditionem
351 2837 512 2910 acceptos,
544 2831 587 2889 sic
616 2825 734 2889 Suevos
765 2843 928 2907 regemque
957 2825 1182 2887 Maroboduum

140 2955 212 3015 pace
233 2933 425 3000 obstrictum.
468 2935 560 3010 Posse
579 2945 609 2997 et
629 2933 797 2995 Cheruscos
824 2941 999 3014 ceterasque
1022 2934 1182 3015 rebellium

140 3053 261 3124 gentes,
286 3042 412 3126 quando
434 3045 589 3106 Romanae
611 3042 720 3133 ultioni
739 3037 910 3104 consultum
931 3053 1035 3126 esset,
1055 3045 1182 3108 internis

822 3137 833 3162 ι

232 3273 253 3308 t.
271 3255 401 3328 exempto?
413 3257 452 3310 tt.

213 3365 253 3405 to.
271 3349 304 3400 in
321 3347 408 3404 Ιιίοηα
427 3353 469 3404 M:
487 3353 519 3407 in
537 3353 661 3425 hyberna
677 3356 834 3412 beroaldus·

211 3444 252 3498 15.
273 3439 435 3500 adiceretur
449 3447 508 3520 (Μ).
733 3449 738 3456 ’

209 3553 252 3590 nn.
272 3537 431 3606 sathaelis
451 3539 567 3609 perinde
585 3559 607 3595 c.
626 3543 672 3612 di.
689 3545 731 3612 45.
752 3547 798 3598 tin.
815 3545 857 3598 63.

213 3631 254 3700 24.
274 3631 378 3684 estid:
398 3648 468 3689 esset
485 3637 618 3690 Muretus.
641 3665 671 3678 ·-
694 3651 736 3691 est
753 3639 791 3689 ita
813 3637 925 3691 delendi
945 3627 1054 3708 potest,
1080 3643 1112 3717 ut
1127 3639 1181 3700 Ta,-

145 3723 229 3778 tiium
247 3722 316 3774 baec
333 3741 389 3780 non
407 3728 442 3778 ad
464 3743 539 3779 suam
555 3729 749 3799 cogitationem
768 3731 855 3783 relata
875 3729 922 3782 scd
934 3747 949 3780 a
961 3729 1074 3782 Tiberio
1095 3729 1184 3780 ‹lirec-

144 3823 170 3869 te
196 3819 375 3888 pronuntiata
396 3821 536 3892 scripsisse
553 3823 728 3895 accipiamus.
776 3825 829 3878 Sed
851 3826 932 3877 huius
950 3833 1005 3877 tam
1020 3826 1182 3894 repentinae

142 3911 170 3962 in
189 3915 373 3967 construenda
392 3919 516 3972 eratione
534 3923 721 3972 conversionis
749 3938 808 3972 curn
837 3939 869 3973 ex
895 3923 980 3974 totius
998 3920 1051 3972 loti
1074 3923 1181 3972 ratione

144 4022 221 4060 ranst
242 4008 360 4075 idonea,
387 4021 419 4065 nt
438 4014 521 4077 stibi,
552 4016 641 4068 efferri
664 4021 800 4088 nequeat,
828 4016 928 4068 Mureti
959 4011 1181 4069 emendationem
