2862 4730
242 359 284 424 sc
483 425 490 442 .
617 301 634 395 Ᾰ
649 345 865 424 ausanium
902 325 912 332 '

95 551 123 620 (ι
136 549 163 603 C.
176 552 229 614 ro.)
242 559 392 622 aegreque
414 538 538 617 vitetis,
572 547 736 620 postquam
755 537 899 600 mutabat
915 545 1014 596 aestus
1034 533 1201 616 eodemque
1222 555 1286 616 quo

244 661 353 712 ventus
373 649 509 723 ferebat,
533 669 596 708 non
618 645 792 708 adhaerere
813 647 955 723 ancoris,
976 665 1037 704 non
1059 642 1220 704 exhaurire
1242 645 1285 702 ir-

245 759 415 840 rumpentis
436 757 532 818 undas
553 765 722 840 poterentrf
736 735 808 836 equi
826 755 962 814 iumenta
986 753 1122 812 sarcinae
1134 754 1285 812 etiamar-

227 883 292 947 *me
314 862 569 950 praecipitentur,
601 879 666 944 quo
684 862 865 922 levarentur
887 859 965 922 alvei
986 869 1141 920 manantes
1165 882 1218 942 per
1241 860 1285 920 la-

244 981 310 1032 tera
334 982 364 1032 et
385 970 481 1032 lluotu
501 951 731 1052 superungente.
774 971 898 1047 Quanto
911 967 1073 1034 violentior
1086 979 1189 1028 cetero
1210 948 1343 1032 meridi

243 1068 385 1142 Oceanus
411 1089 442 1140 ct
463 1055 648 1140 truculentia
676 1070 757 1141 caeli
781 1086 917 1160 praestat
946 1077 1133 1153 Germania,
1166 1088 1286 1138 tantum

176 1193 181 1204 “
243 1187 296 1278 illa
315 1186 416 1248 clades
432 1188 569 1248 novitate
580 1195 610 1248 et
620 1185 977 1268 magnitudineexeessit,
1000 1184 1161 1246 hostilibus
1173 1187 1287 1246 circum

119 1275 121 1287 l
196 1371 198 1377 Ι
243 1295 418 1372 littoribus,
443 1307 495 1358 eut
513 1298 555 1356 ita
577 1307 663 1358 vasto
683 1306 714 1358 et
736 1295 909 1377 profundo,
933 1305 967 1355 ut
988 1294 1136 1356 credatur
1158 1295 1287 1360 novissi-

160 1460 166 1470 ,
212 1462 214 1470 ,
244 1423 329 1466 mum
350 1426 385 1466 ao
407 1405 473 1467 siue
493 1406 586 1467 terris
614 1413 712 1471 marc.
776 1403 855 1466 Pars
884 1405 1009 1463 navium
1032 1403 1159 1465 haustae
1193 1415 1286 1476 sunt,

242 1513 349 1597 plures
371 1514 454 1597 apud
475 1512 588 1575 insulas
611 1511 734 1596 longius
753 1515 824 1574 sitas
844 1514 974 1588 eiectum
1010 1511 1181 1594 milesque,
1203 1512 1288 1572 nullo
1303 1543 1337 1581 ιο

243 1620 305 1684 illic
330 1623 491 1684 hominum
512 1619 627 1701 cultu,¹
641 1621 722 1682 fame
743 1621 946 1706 absumptus,
975 1621 1035 1682 nisi
1055 1643 1132 1702 quos
1155 1643 1288 1704 corpora

233 1753 394 1815 equorum
412 1733 519 1795 eodem
540 1730 616 1795 elisa
635 1731 854 1798 toleraverant.
904 1730 975 1793 Sola
996 1732 1169 1792 Germanici
1198 1733 1288 1790 trire-

242 1843 301 1904 mis
322 1843 515 1904 Chaucorum
535 1853 649 1903 terram
673 1841 814 1924 appulit,
843 1861 935 1923 quem
954 1863 1011 1923 per
1031 1861 1136 1902 omnes
1155 1837 1224 1899 illos
1240 1839 1289 1898 di·

242 1972 275 2012 es
296 1960 461 2031 noctesque
495 1947 578 2031 apud
607 1947 747 2030 scopulus
768 1958 799 2008 et
818 1947 1021 2028 prominentis
1042 1967 1131 2025 oras,
1164 1969 1235 2007 cum
1256 1969 1288 2008 se

242 2060 323 2120 tanti
343 2056 424 2118 exitii
442 2075 528 2116 reum
550 2052 739 2128 clamitaret,
751 2053 812 2137 ,vix
834 2051 1000 2114 cohibuere
1019 2056 1128 2134 amici,
1150 2074 1212 2135 quc
1235 2056 1288 2113 mi·
1301 2054 1334 2116 15

243 2183 302 2224 nus
324 2159 432 2222 eodem
455 2160 533 2222 meri
560 2169 730 2241 oppeteret.
785 2155 925 2220 Tandem
959 2155 1114 2246 relabente
1144 2156 1228 2222 aestu
1257 2173 1287 2222 et

242 2268 429 2361 secundante
453 2278 548 2330 vento
570 2265 699 2341 claudae
719 2287 827 2328 naves.
844 2265 914 2326 raro
935 2268 1062 2350 remigio
1087 2277 1141 2328 eut
1162 2271 1287 2330 intentis

242 2378 452 2454 vestibus„et
485 2375 636 2460 quaedam
663 2398 682 2437 a
708 2375 910 2452 validioribus
941 2387 1073 2456 tractae,
1109 2389 1285 2454 revertere;
1381 2376 1384 2384 '

242 2501 318 2571 quas
341 2487 454 2570 raptim
475 2485 605 2546 refectas
628 2484 725 2560 misit,
747 2494 784 2546 ut
807 2495 1021 2546 scrutarentur
1042 2484 1169 2550 insulas.
1211 2487 1285 2547 Col·

242 2593 314 2658 lecti
336 2617 372 2656 ea
392 2617 466 2658 cura
486 2593 643 2679 plerique,
682 2591 796 2654 multos
824 2595 997 2676 Angrivarii
1021 2615 1121 2676 nuper
1143 2595 1176 2653 in
1190 2595 1335 2655 edernae

241 2705 358 2787 accepti
377 2703 554 2784 redemptus
577 2701 617 2762 eh
645 2700 847 2763 interioribus
880 2684 1060 2778 reddidere3
1093 2699 1218 2783 quidem
1252 2702 1284 2762 in

243 2811 433 2876 Britanniam
457 2811 537 2894 rapti
560 2821 591 2872 et
609 2810 726 2870 remissi
746 2829 767 2870 a
787 2808 909 2893 regulis.
951 2809 998 2870 Ut
1021 2810 1089 2892 quis
1112 2831 1147 2870 ex
1162 2807 1285 2892 longin-

241 2943 303 3004 quo
323 2930 500 2996 reveheret,
529 2915 677 2980 miracula
701 2917 888 2992 narrabunt,
913 2918 980 2978 uim
1000 2918 1161 2979 turbinum
1186 2930 1215 2979 et
1237 2920 1283 2988 in-

241 3027 361 3092 auditas
382 3026 547 3104 volucres,
579 3035 730 3086 monstra·
743 3003 855 3111 mahis,
888 3025 1046 3108 ambiguas
1069 3025 1230 3088 hominum
1255 3038 1285 3087 et

239 3136 404 3200 beluarum
429 3135 566 3213 formas,
597 3135 663 3196 vise
684 3135 749 3194 sive
770 3155 805 3196 ex
827 3143 910 3194 metu
931 3134 1055 3201 credite.
1107 3133 1168 3196 Sed
1200 3134 1339 3216 famam

240 3244 343 3333 classis
364 3243 492 3305 amissa-e
512 3251 548 3304 ut
565 3245 739 3306 Germanos
756 3241 795 3302 ad
816 3263 900 3324 spem
925 3240 1017 3319 belli,
1056 3240 1100 3302 itu
1121 3243 1283 3304 Caesarem

240 3353 279 3414 ad
300 3349 502 3412 coercendum
531 3351 632 3415 erexit.
685 3349 763 3411 Gaio
785 3345 860 3408 Silio
892 3368 963 3406 cum
985 3347 1110 3430 triginta
1131 3346 1281 3427 peditum,

129 3445 138 3466 ⁸
179 3473 180 3480 ’
240 3461 340 3522 trihus
362 3459 499 3540 equitum
519 3455 640 3518 milibus
662 3460 706 3516 ire
728 3459 760 3515 in
781 3455 910 3532 Chattos
932 3457 1073 3536 imperat;
1100 3455 1164 3536 ipse
1190 3457 1285 3514 maio·

241 3567 329 3630 ribus
359 3566 451 3647 copiis
479 3567 595 3626 Marsos
625 3563 783 3642 irrumpit,
819 3583 955 3646 quorum
982 3561 1043 3622 dux
1072 3559 1285 3622 Mollovendus

140 3721 142 3731 ,
241 3695 340 3756 nuper
359 3675 390 3734 in
411 3672 594 3734 deditionem
615 3681 756 3752 acceptus
775 3667 947 3752 propinquo
969 3667 1039 3730 luco
1060 3669 1206 3732 defossam
1219 3671 1281 3730 Ve-
1294 3669 1334 3730 So

239 3786 342 3844 riauae
374 3781 500 3863 legionis
528 3778 660 3860 aquilam
690 3774 812 3838 modico
845 3774 995 3858 praesidio
1018 3779 1137 3840 servari
1160 3776 1281 3840 iudicet.
1365 3795 1373 3807 Χ

241 3919 539 3936 Μ

310 3998 352 4050 tc.
373 3995 433 4046 loco
451 3989 492 4042 bl:
514 3988 576 4039 luco
598 3983 715 4055 Lipsius.
755 4039 767 4049 ,
