2862 4726
212 271 274 340 ato
593 258 845 332 ‘iuuauruu
876 219 879 229 ’

65 443 91 514 (⁸
111 443 275 520 C·³²·ltiee
300 461 524 539 auctor'eoquc
551 457 719 517 inveterata
744 457 884 535 invidia,
905 455 958 514 ubi
988 457 1120 534 primum
1152 443 1250 516 facula

213 580 260 629 tas
282 568 372 642 data,
397 569 536 647 arguitur
554 565 719 646 pleraque:
754 568 867 625 Gaium
896 565 1055 624 Caesarem
1085 566 1170 642 quasi
1200 567 1249 622 in-

214 686 312 736 cestae
332 670 481 736 virilitatis
489 715 505 752 -,
528 675 557 732 et
579 695 649 733 cum
671 671 720 734 die
740 674 834 735 natali
856 657 1010 754 Augustae
1037 675 1119 730 inter
1149 687 1248 730 sacer·
1297 724 1302 738 ,

214 782 299 842 dotes
322 779 512 862 epularetur,
547 779 760 844 novendialem
788 803 854 842 eam
881 796 987 842 cenam
1015 778 1141 858 dixisse3
1173 801 1247 860 que·

211 910 340 970 reusque
371 889 409 948 de
447 893 584 969 potentia
620 890 717 950 Marci
749 887 855 972 Lepidi
898 911 932 974 ac
966 889 1053 948 Lucii
1085 863 1288 965 a1·¹ranttt‚5

211 1019 281 1058 cum
311 997 422 1078 quibus
442 999 482 1058 ob
516 1021 582 1059 rem
615 1001 824 1080 pecuniariam
862 1000 1068 1080 disceptabat,
1100 998 1249 1098 addidisse

214 1107 305 1188 „illos
340 1108 462 1189 quidem
482 1121 626 1188 senatus,
648 1129 697 1168 me
719 1120 820 1170 autem
842 1111 977 1169 tuebitur
991 1106 1167 1167 Tiberiolus
1181 1129 1250 1184 ,me-

212 1215 272 1278 us.”
325 1217 433 1298 Neque
463 1226 573 1278 cuncta
596 1239 614 1277 a
634 1218 820 1298 primoribus
844 1217 977 1278 civitatis
1010 1217 1249 1287 revincebatur,

211 1323 308 1404 iisque
328 1324 509 1384 instantibus
523 1323 567 1383 ad
591 1327 806 1406 imperatorem
827 1325 1019 1404 provocavit.
1062 1325 1126 1384 Nec
1152 1321 1249 1384 multo

151 1463 157 1475 =
211 1442 278 1512 post
298 1433 418 1492 litterae
438 1431 630 1506 afferuntur,
653 1433 762 1514 quibus
784 1433 816 1490 in
839 1432 963 1491 modum
985 1429 1181 1508 defensionis,
1204 1453 1246 1492 re·
1269 1454 1302 1491 io

190 1566 192 1572 ·
211 1543 305 1621 petito
326 1543 409 1600 inter
430 1561 461 1600 se
476 1552 567 1622 atque
589 1541 713 1602 Cottam
733 1541 883 1607 amicitiae
906 1543 1052 1622 principio
1075 1540 1249 1620 crebrisque

139 1669 141 1676 ¹
214 1648 277 1706 eius
298 1645 402 1706 officiis
434 1651 699 1728 commemoratis,
719 1671 770 1714 ,uc
790 1649 883 1736 verba
915 1671 1007 1730 prave
1038 1649 1159 1708 detorta
1193 1670 1252 1708 neu

214 1753 420 1816 convivalium
442 1755 614 1816 fabularum
636 1757 809 1838 simplicitas
829 1758 861 1815 in
883 1751 997 1817 crimeb
1020 1758 1181 1816 duceretur
1199 1777 1253 1836 po·

213 1863 348 1925 stillavit.
393 1865 513 1945 Insigne
535 1869 635 1926 visum
653 1875 696 1924 est
718 1885 824 1924 earum
838 1867 976 1926 Caesaris
999 1865 1170 1926 litterarum
1192 1865 1251 1924 ini-

214 1975 304 2034 tium.
348 1973 427 2032 Nam
448 1973 495 2034 his
518 1974 618 2035 verbis
639 1994 760 2042 exorsus
790 1985 835 2032 est
868 1975 966 2054 „quid
994 1975 1127 2034 scribam
1149 1973 1235 2034 vobis
1243 1967 1280 2046 ,6

214 2091 315 2161 patres
336 2083 509 2161 conscripti,
531 2089 586 2140 aut
602 2079 756 2162 quomodo
776 2063 931 2156 scribam,
954 2088 1005 2140 aut
1026 2081 1099 2161 quid
1127 2083 1251 2140 omuino

214 2211 277 2251 nou
298 2191 427 2252 scribam
448 2189 506 2250 hoc
528 2199 684 2268 tempore,
708 2187 739 2246 di
763 2209 812 2248 me
833 2188 968 2269 deaeque
989 2191 1074 2270 peius
1111 2189 1256 2269 perdant,

215 2319 307 2380 quam
328 2301 426 2380 perire
446 2320 496 2358 me
518 2295 656 2378 quotidie
676 2299 772 2355 sentio
780 2342 789 2372 ,
813 2299 838 2356 si
867 2293 965 2357 sci0.’'
1008 2299 1092 2357 Adeo
1122 2298 1256 2356 facinora

216 2415 309 2487 atque
331 2393 449 2488 flagitia
478 2425 532 2466 sua
566 2403 623 2485 ipsi
654 2425 777 2486 quoque
804 2408 837 2464 iu
872 2405 1055 2487 supplicium
1092 2417 1255 2472 verterant.

217 2515 323 2597 Neque
334 2517 449 2576 frustra
463 2513 738 2596 praestantissimus
760 2515 922 2596 sapientiae
937 2515 1060 2576 firmare
1073 2513 1179 2576 solitus
1200 2531 1255 2590 est,
1275 2531 1309 2569 20

216 2621 241 2681 si
264 2621 464 2682 recludantur
484 2632 689 2704 tyrannorum
717 2633 858 2699 mentes,
886 2643 971 2702 posse
998 2623 1088 2702 aspici
1126 2623 1257 2682 laniatus

217 2742 248 2792 et
269 2733 364 2806 ictus,
390 2729 513 2812 quaudo
534 2739 568 2788 ut
586 2749 718 2811 corpora
739 2731 947 2806 verberibus,
989 2735 1031 2789 ita
1059 2733 1187 2790 saevitia
1221 2729 1257 2789 li-

192 2830 204 2908 f
222 2840 326 2901 bidine
341 2842 427 2903 malis
443 2836 587 2906 consultis
609 2842 727 2900 animus
745 2839 938 2898 dilaceretur.
963 2841 1084 2918 Quippe
1101 2839 1259 2898 Tiberium

220 2970 286 3030 nou
296 2949 427 3022 fortuna,
437 2968 498 3006 non
510 2948 684 3009 solitudines
696 2947 901 3029 protegebant,
909 2947 983 3027 quin
991 2957 1141 3005 tormenta
1154 2956 1258 3026 pecto·

225 3060 265 3118 ris
286 3073 412 3134 suasque
422 3056 486 3135 ipse
505 3075 620 3136 poenas
636 3057 792 3117 fateretur.
818 3055 899 3112 Tum
914 3053 991 3112 lacta
1013 3054 1148 3134 patribus
1170 3050 1284 3134 pote-'l
1337 3075 1338 3079 ¹

224 3175 301 3226 state
330 3161 480 3224 statuendi
512 3163 550 3225 de
574 3164 747 3227 Caeciliano
767 3171 926 3236 senatore,
962 3164 1014 3242 qui
1039 3155 1172 3241 plurima
1205 3161 1256 3219 ad·

309 3432 337 3502 '9-
355 3435 457 3506 iisque]
476 3437 610 3510 particula
627 3433 781 3503 pronomini
796 3438 922 3504 apposita
941 3437 1055 3486 alterum
1074 3435 1260 3502 praedicatum

226 3533 412 3602 (provocavit)
429 3535 602 3586 antecedenti
623 3549 711 3601 neque
730 3534 928 3586 revincebatur
942 3508 1071 3581 annectiti
1083 3547 1146 3580 nam
1166 3518 1261 3598 queru-

229 3627 375 3679 admodum
393 3645 442 3700 per
459 3631 607 3698 particulas
626 3647 713 3696 neque
734 3642 810 3680 -et
832 3627 887 3677 duo
916 3622 1070 3693 praedicata
1093 3625 1261 3687 coniungun-

229 3733 288 3787 tur,
310 3725 349 3777 ita
363 3726 416 3779 hoc
437 3723 498 3778 laco
519 3723 696 3798 neque-que
713 3731 921 3792 componuntur.

304 3821 344 3876 16.
364 3817 476 3892 quando
494 3817 540 3870 M:
562 3815 696 3888 quomodo
716 3815 871 3869 beroaldus.

203 3979 205 3992 .
299 3917 340 3966 se.
364 3913 518 3968 caeciliano
537 3920 568 3964 et
582 3929 644 3963 mox
664 3913 849 3982 sangunnium
870 3909 905 3962 M·

308 4131 325 4166 b
