2900 4724
248 291 308 356 sos
653 243 871 352 inustum

96 503 124 570 l·
141 470 356 576 C·i⁸-)C1ede
383 503 558 569 Messalinae
587 507 730 570 convulsa
755 507 901 591 principis
934 505 1059 582 domus,
1089 517 1155 566 osto
1187 498 1271 587 apud

243 615 368 678 libertos
391 619 553 679 certamine
572 619 639 700 quis
660 619 804 702 deligeret
822 640 944 680 uxorem
973 615 1116 690 Claudio,
1149 613 1269 672 caelibis

242 723 323 786 vitae
343 725 537 803 intoleranti,
557 737 587 788 et
606 727 768 809 coniugum
790 727 921 809 imperiis
941 723 1080 787 obnoxio.
1129 723 1191 782 Nec
1211 723 1268 782 sni-

242 850 317 890 nore
338 828 453 890 ambitu
473 831 600 892 feminae
620 842 816 892 exarserant:
846 851 930 892 suam
954 851 1091 912 quaeque
1124 827 1269 890 nobilita·
1309 833 1312 841 '

242 945 304 996 tem
320 935 447 997 sormam
479 957 551 1018 opes
579 939 781 1017 contendere,
802 957 838 997 ac
859 937 981 1020 dignam
1007 927 1312 998 tanto'matrimoss

241 1043 303 1102 nio
323 1051 483 1109 ostentare.
510 1029 514 1044 ¹
540 1045 598 1106 Sed
635 1046 763 1112 maxime,
791 1042 1000 1126 ambigebatur
1030 1041 1111 1102 inter
1140 1039 1269 1102 Lolliam

241 1147 402 1212 Paulinam
424 1152 523 1212 Marci
543 1151 632 1214 Lollii
655 1152 839 1228 consularis,
873 1162 905 1214 et
931 1151 1042 1212 Iuliam
1071 1147 1269 1230 Agrippinam

242 1257 424 1318 Germanico
440 1321 442 1330 s
460 1259 604 1342 genitam:
637 1259 709 1319 huic
736 1257 856 1334 Pallas,
891 1256 936 1318 illi
970 1254 1108 1317 Callistus
1139 1255 1273 1316 fautores

240 1361 382 1424 aderant.
421 1363 463 1424 As
483 1361 571 1426 Aelia
596 1363 742 1446 Petinae
770 1362 883 1424 familia
905 1361 1102 1424 Tuberonum
1132 1357 1272 1420 Narcisso

240 1470 409 1540 fovebatur.
428 1472 563 1556 Ipsebsse
577 1473 668 1538 modo
678 1473 770 1537 snodo
782 1471 865 1549 illuc,
878 1483 912 1532 ut
921 1490 1071 1554 quemque
1081 1467 1271 1530 suadentium
1294 1485 1334 1528 so

240 1574 397 1649 audierat,
434 1586 589 1660 promptus
623 1577 830 1639 discordantes
860 1581 891 1638 in
915 1577 1074 1640 consilium
1103 1587 1205 1652 vocet,
1233 1597 1270 1658 ac

141 1753 144 1760 Δ
238 1703 379 1767 promere
402 1685 580 1746 senteutiam
608 1692 640 1744 et
661 1683 793 1748 adiicere
815 1685 945 1745 sationes
971 1683 1065 1742 iubet.
1114 1677 1300 1759 Narcissusss

238 1801 328 1854 vetus
357 1794 605 1870 matrimonium,
635 1791 779 1854 familiam
809 1811 999 1853 communem
1026 1793 1107 1864 (uam
1138 1789 1271 1848 Antonia

240 1922 276 1971 ess
296 1901 406 1966 Patina
427 1903 522 1980 erat),
544 1900 620 1962 nibil
642 1904 673 1961 in
694 1902 853 1982 penatibus
876 1905 940 1963 eius
955 1887 1067 1962 no'vum
1090 1895 1270 1974 disserebat,

239 2009 264 2069 si
285 2018 369 2069 sueta
389 2009 520 2072 coniunx
539 2007 675 2085 rediret,
693 2007 935 2093 haudquaquam
950 2005 1161 2068 novercalibus
1194 2003 1273 2066 odiis
1298 2017 1334 2078 15

198 2131 201 2147 ¹
238 2112 343 2172 visura
367 2110 576 2180 britannicum
610 2123 640 2172 et
673 2113 852 2190 Octaviam,
883 2114 1016 2195 proxima
1043 2115 1102 2174 suis
1130 2114 1270 2200 pignora.

239 2218 379 2280 Callistus
398 2218 599 2300 improbatam
622 2219 714 2298 longo
733 2218 883 2298 discidio,
913 2242 969 2298 ac,
997 2223 1023 2281 si
1050 2242 1154 2282 rursus
1189 2241 1274 2282 assu·

221 2328 394 2398 ,meretum
414 2343 454 2417 eo
474 2321 537 2404 ipso
557 2321 739 2404 superbam,
759 2323 909 2406 longeque
930 2327 1042 2388 rectius
1071 2326 1199 2389 Lolliam
1222 2322 1282 2388 ine'

238 2430 330 2505 duci,
349 2425 472 2510 quando
491 2425 589 2495 nullos
608 2424 721 2493 liberos
740 2431 908 2510 genuisset,
924 2449 1054 2504 ,vacuum
1074 2428 1273 2490 aemulatione

238 2547 269 2598 et
282 2535 432 2618 ‘privignis
453 2535 584 2618 parentis
611 2533 679 2598 loen
702 2536 849 2604 intusum.v
887 2539 927 2598 At
954 2534 1054 2596 Pallas
1082 2535 1114 2595 id
1145 2538 1273 2598 maxime
1292 2579 1337 2620 ,ο

201 2679 202 2686 1
238 2639 270 2710 in
301 2640 468 2732 Agrippina
498 2637 649 2719 laudare,
681 2641 762 2724 quod
796 2642 970 2702 Germanici
1002 2654 1142 2723 nepotem
1170 2663 1270 2706 secum

238 2747 389 2826 traheret,
436 2748 559 2830 dignum
588 2769 713 2830 prorsus
745 2751 936 2832 imperatoria
967 2749 1112 2814 fortuna:
1145 2753 1271 2834 stirpem

237 2893 498 2922 mn—-n—-q’

328 2988 348 3032 s.
371 2971 487 3034 'semera
504 2970 537 3032 eh
556 2945 628 3033 illis,
649 2973 695 3044 qui
714 2973 803 3032 Taciti
821 2972 939 3030 Annales
967 2973 998 3024 in
1023 2969 1108 3024 libros
1133 2969 1271 3022 dissecan-

238 3061 287 3114 dos
305 3077 446 3126 cassavero,
464 3081 506 3122 res
523 3072 610 3133 gestas
628 3069 686 3118 eius
705 3068 787 3130 anni,
810 3083 863 3134 quo
881 3066 965 3122 Aulus
988 3063 1118 3116 Vitellius
1139 3072 1167 3114 et
1184 3063 1266 3118 Luci-

238 3174 270 3208 us
290 3157 438 3228 Vipstanus
458 3162 580 3214 consules
598 3161 675 3219 fuere
701 3165 772 3212 intes
796 3159 865 3212 duos
891 3159 975 3212 libros
993 3158 1092 3228 (x1,23
1113 3189 1144 3198 —
1162 3159 1267 3228 ΧΗ.)

238 3251 404 3304 diviserunt:
422 3255 486 3317 nevi
513 3255 585 3308 enim
604 3256 668 3318 aussi
688 3271 728 3308 rcs
745 3262 773 3307 et
790 3256 854 3308 novi
881 3254 1005 3306 eonsules
1029 3255 1143 3306 demum
1164 3253 1221 3315 xis,
1243 3255 1266 3305 5.

237 3345 431 3414 producuntur.
453 3347 597 3408 Falluntur
608 3349 737 3410 editores,
756 3347 803 3418 qui
823 3364 882 3399 cuns
895 3349 947 3408 boe
964 3350 1035 3400 libro
1053 3365 1152 3398 uorum
1167 3364 1267 3402 annuns

238 3447 266 3490 et
283 3441 347 3494 iude
364 3440 487 3504 asilus.
508 3460 598 3498 rursus
615 3460 715 3497 nurum
735 3440 876 3496 inducunt.
920 3442 998 3496 Cossi.
1028 3442 1145 3494 baebius
1170 3445 1267 3498 blaseo

236 3532 366 3588 Rheusno
390 3551 413 3586 s.
439 3538 511 3589 1833.
530 3553 587 3606 pag.
606 3537 665 3590 353.

325 3629 350 3682 3.
369 3629 534 3682 intoleranti
552 3625 684 3688 Picbana:
705 3629 848 3690 intonanti
867 3629 982 3682 codices.
1009 3629 1196 3701 imperatoriis
1215 3633 1276 3686 tle«

238 3716 310 3782 idem
328 3720 352 3776 5.
373 3727 400 3773 et
416 3725 441 3774 6.
461 3717 813 3780 contenderes-ossenseres.'

312 3814 543 3868 samtarein.
563 3814 632 3873 idem
657 3821 691 3870 16.
713 3831 739 3870 et
757 3819 867 3869 omittit¹
907 3818 971 3872 mos
994 3825 1031 3876 se.
1051 3821 1143 3874 bottis
1161 3819 1212 3874 Μῑ.

304 3899 475 3980 ansts'rpas'n
493 3911 622 3992 nubilosa]
649 3913 764 3974 Nomine
797 3915 908 3986 stirpem
935 3933 991 3972 non,
1017 3916 1103 3970 sotum
1128 3911 1266 3969 Domitius
