2900 4706
277 270 339 336 asr
403 241 411 247 ’
685 253 902 322 truamur

26 465 27 468 ’
130 447 158 516 (¹
174 444 201 498 ⁰·
210 447 263 518 ⁵9·l
274 448 475 520 eveniebant,
497 455 530 502 ut
552 439 661 500 multos
680 449 746 518 post
764 455 859 496 annos
881 431 961 492 Nero
984 425 1143 508 imperium
1162 435 1191 484 et
1208 423 1301 484 scale

276 583 311 621 ra
328 554 559 618 continuaverit.
603 550 745 612 Ceterum
768 565 828 626 quo
858 549 997 624 gravaret
1022 533 1166 595 invidiam
1196 532 1301 592 matris

276 683 370 745 eaque
394 660 513 722 demota
534 665 652 715 auctam
672 651 929 737 lenitatem'suam
954 642 1184 720 testificaretur,
1214 639 1301 698 ferni-

276 794 329 836 nas
351 758 479 831 illustres
508 766 625 824 Iuniam
655 772 684 822 et
718 756 934 838 Calpurniam,
969 751 1157 832 praefectura
1183 747 1302 807 functos

222 921 225 932 ν
276 879 431 941 Valerium
452 867 849 954 CapitoncmfetLicinium
874 858 1028 942 Gabolum
1045 856 1164 917 sedibus
1195 842 1337 936 pauiis5

277 986 429 1060 reddidit,
452 983 490 1042 ab
509 978 672 1066 Agrippina
698 973 772 1034 olim
802 970 911 1052 pulsos.
953 967 1053 1028 Etiam
1075 961 1189 1022 Lolliae
1218 961 1300 1022 Pau-

277 1095 356 1154 linae
367 1091 482 1148 cineres
495 1083 641 1174 reportari
663 1077 894 1158 sepulcrumque
908 1073 1018 1132 exstrui
1041 1071 1194 1152 permisit3
1208 1087 1303 1149 quos·

277 1221 336 1281 que
359 1199 422 1276 ipse
443 1214 539 1272 nuper
558 1179 776 1269 relegaverat,
797 1184 925 1241 Iturium
956 1189 986 1240 et
1011 1177 1175 1239 Calvisium
1204 1195 1303 1255 poena
1423 1157 1424 1176 ¹

277 1303 412 1366 exsolvit.
435 1300 511 1360 Nam
533 1296 635 1356 Silana
657 1292 718 1352 fato
738 1290 840 1366 functa
859 1294 940 1362 erat,
963 1283 1125 1363 longinquo
1140 1282 1178 1344 ab
1200 1281 1303 1340 exsilio

279 1415 446 1474 Tarentum
466 1424 598 1486 regressa
621 1399 742 1458 labante
761 1399 820 1456 iam
850 1393 1032 1474 Agrippina,
1061 1389 1146 1448 cuius
1171 1386 1302 1448 inimici·
1330 1392 1362 1432 ¹⁰
1423 1415 1424 1418 ι

276 1513 533 1585 tiis-conciderat,
561 1507 609 1569 rel
633 1503 756 1564 tandem
775 1500 919 1580 mitigata.

359 1615 517 1678 Cunctanti
538 1614 569 1670 in
585 1610 703 1690 oppidis
725 1605 915 1686 Campaniae,
930 1621 1065 1684 quonam
1085 1598 1176 1660 modo
1194 1586 1360 1666 urbemiss

277 1727 511 1811 ingrederetur,
534 1709 573 1780 an
595 1719 780 1798 obsequium
794 1721 935 1804 senatus,
958 1697 996 1770 an
1024 1709 1127 1770 studra
1140 1703 1236 1790 plebis
1258 1731 1307 1770 re·

278 1837 391 1919 periret
421 1833 527 1904 anxio,
565 1836 670 1888 eontra
705 1797 884 1883 deterrimus
913 1819 1058 1901 quisque,
1093 1837 1224 1898 quorum
1245 1837 1308 1876 non

278 1943 337 2005 alia
356 1939 437 2021 regia
458 1934 614 1997 fecundior
634 1934 760 2008 exstitit,
784 1929 914 2013 invisum
938 1925 1122 2007 Agrippinae
1146 1943 1253 1982 nomen
1275 1935 1307 1984 et
1323 1901 1362 1984 i5

277 2019 376 2112 morte
395 2049 459 2108 eius
480 2061 638 2104 accensum
659 2037 763 2120 populi
783 2009 920 2094 favorem
939 2035 1111 2094 disserunt.
1136 2031 1194 2090 iret
1215 2033 1310 2090 intre-

279 2157 382 2238 pidus,
427 2162 456 2210 et
485 2145 711 2208 venerationem
740 2141 787 2202 sui
820 2161 925 2199 coram
963 2141 1156 2220 experiretur
1193 2138 1309 2200 Simul

278 2254 435 2342 praegredi
454 2259 628 2330 exposcunt.
675 2247 716 2306 Et
756 2245 944 2324 promptiora
986 2265 1077 2324 quam
1108 2247 1309 2324 promiserant

280 2365 456 2433 inveniunt,
485 2355 590 2418 obvias
619 2353 737 2428 tribus,
760 2350 836 2410 festo
862 2350 944 2414 cultu
967 2363 1121 2438 senatum,
1144 2353 1309 2435 coniugum

281 2493 315 2532 ac
335 2468 505 2528 liberorum
531 2457 651 2540 agmina
670 2477 723 2539 per
741 2477 844 2516 sexum
866 2466 896 2516 et
913 2465 1046 2542 ¹aetatem
1068 2455 1226 2538 disposita,
1255 2482 1306 2520 ex.
1326 2487 1362 2524 20

281 2585 432 2658 structos,
455 2589 515 2656 qua
537 2565 705 2639 incederet,
723 2561 961 2644 spectaculorum
985 2564 1113 2648 gradus,
1137 2565 1308 2647 quomodo

279 2679 430 2762 triumphi
450 2671 601 2748 visuntur.
644 2673 724 2732 Hinc
748 2670 899 2752 superbus
920 2692 955 2730 ac
975 2670 1090 2752 publici
1110 2674 1226 2732 servitii
1249 2675 1310 2732 vic·

280 2805 330 2854 tor
351 2782 534 2870 Capitolium
555 2779 649 2854 adiit,
672 2788 772 2860 grates
794 2776 936 2846 exsolvit,
960 2797 1049 2856 seque
1067 2777 1098 2836 in
1119 2798 1223 2838 omnes
1245 2779 1308 2839 libi·

282 2900 369 2962 dines
385 2891 490 2956 effudit
498 2933 510 2962 ‚
543 2907 617 2968 quas
638 2885 716 2947 male
737 2884 888 2960 coercitas⁸
900 2882 1116 2964 qualiscunque
1138 2887 1240 2946 matris
1258 2907 1305 2945 re·

281 3001 416 3062 verentia
435 2997 616 3060 tardaverat.
643 2993 739 3054 Vetus
760 2991 804 3053 illi
826 3013 898 3052 cura
921 3001 986 3052 erat
1006 2995 1161 3054 curriculo
1182 2995 1360 3076 quadri-ld

282 3129 388 3192 gerum
411 3107 563 3180 insistere,
583 3123 638 3162 nec
666 3103 765 3162 minus
785 3099 906 3160 foedum
934 3100 1066 3160 studium
1092 3101 1209 3164 cithara
1228 3103 1309 3164 ludi-

282 3237 367 3278 crum
387 3215 419 3273 in
441 3211 567 3270 modum
588 3229 714 3278 canere,
739 3228 808 3266 cum
836 3217 980 3285 cenaret3
1013 3207 1097 3288 quod
1131 3210 1250 3290 regium
1278 3219 1308 3266 et
1423 3183 1424 3272 l

282 3319 413 3401 antiquis
434 3315 560 3376 ducibus
589 3313 757 3372 factitatum
778 3313 986 3388 memorabat;
1008 3305 1097 3393 idque
1116 3323 1221 3372 vatum
1241 3309 1307 3370 lau·
1423 3277 1424 3286 i

221 3493 225 3506 ἡ
282 3429 369 3490 dibus
391 3423 511 3487 celebre
533 3431 564 3482 et
584 3420 708 3480 deorum
728 3417 836 3478 honori
858 3419 972 3479 datum.
1015 3413 1179 3481 Enimvero
1203 3429 1307 3480 cantus

217 3579 219 3587 r
281 3576 569 3592 m

355 3695 391 3732 ιι.
410 3676 482 3738 nim,
498 3677 527 3734 h.
546 3693 569 3727 a.
588 3673 716 3736 tandem,
737 3673 787 3726 M1.
821 3689 856 3726 rs.
883 3673 1010 3726 cunctari
1030 3683 1057 3726 et
1085 3677 1124 3743 ¹4·
1142 3679 1238 3728 ansius
1258 3675 1307 3731 Μῑ.

354 3792 391 3841 ¹9·
409 3787 508 3826 senam
527 3773 576 3824 Ma,
598 3765 670 3818 Inl'ra
688 3769 728 3820 25.
752 3785 819 3848 eura
838 3767 1017 3820 Puteolanus:
1036 3769 1141 3834 codices
1166 3771 1255 3839 copia.

352 3883 393 3934 27.
411 3865 495 3939 quod]
516 3879 546 3940 ῳ
557 3851 617 3914 ¹M⁸.
