2900 4724
440 323 595 424 maru.
640 352 895 424 certia-al.
1121 362 1181 426 aas

149 543 207 602 saci
232 542 331 602 virum
352 540 511 624 insignem,
533 554 563 604 et
584 545 695 626 ignavo
715 544 847 626 principi
865 550 1075 625 praegravem,
1119 543 1213 625 lgi-(s
1233 545 1252 595 C
1270 545 1328 614 47.)

167 673 193 710 ir
213 650 358 712 Claudius
382 652 460 714 adeo
477 653 588 714 no'vam
609 655 844 725 inGermauias
864 656 925 714 vim
942 649 1121 736 probibuit,
1144 663 1180 713 nt

145 759 247 818 referri
270 759 421 840 praesidia
442 762 484 820 cis
504 759 645 820 Rhen'um
667 761 797 828 iuberet
830 763 893 822 lam
907 771 1006 823 castra
1023 739 1054 820 in
1076 754 1180 822 hostili

141 863 208 926 solo
229 864 363 926 molienti
389 865 558 926 Corbuloni
582 888 636 928 eae
670 864 791 929 litterae
826 867 1006 931 redduntur.
1058 867 1114 928 llle
1145 885 1180 930 re

105 967 465 1062 §subitahquanquam
488 977 583 1040 multa
603 975 693 1037 simul
729 975 988 1055 effunderentur,
1018 987 1116 1040 metus
1142 990 1177 1037 ex

140 1084 346 1162 imperatore,
367 1085 551 1166 contemptio
570 1107 604 1159 ex
626 1083 785 1160 barbaris,
820 1088 988 1149 ludibrium
1018 1086 1102 1170 apud
1130 1107 1179 1150 so-

140 1193 223 1266 cios,
244 1190 319 1252 nihil
341 1190 425 1251 aliud
445 1192 621 1274 prolocutus
650 1217 741 1275 quam
763 1194 869 1258 beatos‘
900 1195 1057 1280 quondam
1085 1190 1178 1256 'duces

139 1301 311 1378 Romanos,
332 1305 452 1384 signum
476 1304 609 1385 receptui
628 1281 737 1365 dedit.x
768 1304 815 1365 Ut
835 1315 937 1366 tamen
959 1302 1046 1364 miles
1079 1303 1178 1364 otium

141 1420 283 1486 exueret,
306 1411 387 1472 inter
407 1413 524 1471 Mosam
545 1411 749 1493 Rhenumque
767 1413 866 1474 trium
887 1423 916 1473 et
929 1407 1038 1494 rigidti
1058 1411 1178 1474 milium

66 1529 120 1574 ‘¹⁰
134 1522 232 1604 spatio
261 1521 375 1582 fossam
405 1520 569 1602 perduxit,
611 1542 672 1603 qua
699 1522 815 1580 incerta
845 1521 961 1582 Oceani
990 1527 1180 1582 vetarentur.

138 1628 269 1714 lnsi'g'nia
290 1641 392 1692 tamen
415 1629 562 1712 triumphi
584 1629 712 1691 indulsit
733 1629 866 1706 Caesar,
896 1630 1036 1712 quamvis
1062 1623 1179 1691 bellun

137 1741 317 1824 negavisset.
361 1737 420 1798 Nec
440 1737 536 1799 multo
554 1729 624 1820 'post
650 1738 775 1800 Curtius
790 1731 888 1800 Rufus
920 1736 1050 1811 eundem
1078 1734 1178 1796 hono·

135 1867 202 1906 rem
224 1844 422 1924 adipiscitur,
446 1843 554 1928 quiin
585 1864 658 1924 agro
691 1846 836 1936 Mattiaco
871 1842 1039 1904 recluserat
1070 1865 1179 1928 specus

136 1954 320 2037 quaerendis
342 1956 427 2014 venis
446 1953 584 2036 argenti,
606 1953 688 2014 unde
706 1955 807 2015 tenuis
828 1951 944 2012 fructus
964 1971 1022 2012 nec
1051 1953 1082 2013 in
1108 1951 1178 2014 lon·
1203 1949 1204 1957 ’

80 2059 209 2148 tbgum
230 2053 307 2123 fuit.¹
340 2061 384 2122 At
414 2041 585 2142 legionibus
613 2083 682 2122 cum
715 2061 826 2123 damno
856 2055 967 2137 labor,
1004 2067 1035 2120 et
1072 2059 1177 2124 fodere

134 2173 238 2251 rivos,
261 2191 400 2254 quaeque
425 2171 457 2230 in
489 2178 597 2250 aperto
628 2171 751 2248 gravia,
787 2167 916 2230 humum
952 2171 1031 2232 infra
1062 2163 1182 2235 moliri·

134 2279 210 2358 Quis
232 2279 376 2346 subactus
400 2276 507 2354 miles,
534 2286 563 2336 et
582 2277 653 2358 quia
675 2276 777 2356 plures
798 2296 855 2356 per
877 2277 1049 2357 provincias
1067 2273 1178 2339 similia
1265 2325 1271 2346 ,

132 2387 363 2465 tolerabantur,
385 2388 542 2468 componit
562 2381 697 2445 occultas
719 2383 854 2458 litteras,
878 2387 1003 2446 nomine
1028 2363 1177 2448 exercituss

1234 961 1246 991 5·

134 2489 188 2556 um
210 2496 403 2578 precantium
426 2495 665 2574 imperatorem,
688 2502 723 2551 ut
741 2479 853 2572 quibus
873 2491 1072 2574 permissurus
1100 2501 1177 2556 esset

73 2619 114 2660 ²0
133 2611 279 2668 exercitus
297 2649 305 2680 ,
324 2599 522 2686 triumphalia
534 2611 615 2662 *ante
636 2599 795 2662 tribueret.
837 2627 842 2637 ·

72 2693 123 2778 Ἣ
213 2715 261 2776 De
284 2715 404 2798 origine
423 2711 519 2804 Curtii
542 2695 635 2786 Rufi,
656 2729 746 2790 quem
765 2707 934 2789 gladiatore
954 2714 1089 2793 genitum
1108 2709 1177 2792 qui-

132 2821 203 2884 dam
223 2821 417 2904 prodidere,¹
430 2840 528 2900 neque
552 2813 626 2876 falsa
647 2816 873 2903 prompserim,
895 2827 926 2878 et
949 2837 1025 2878 vera
1055 2821 1176 2902 exsequi
1257 2845 1263 2852 ·

132 2927 238 3012 pudet.
281 2926 447 3008 Postquam
470 2920 627 3000 adolevit,
648 2931 778 2982 sectator
805 2925 975 3002 quaestoris
1000 2926 1175 2993 cui'Alrica
1245 2928 1248 2938 '

155 3073 450 3092 ”affl—*¹⁸⁸

216 3197 241 3246 7.
258 3171 398 3251 quondam
423 3174 543 3242 Lipsius:
564 3171 671 3236 codices
693 3170 834 3247 quosdam.
878 3173 944 3226 Mox
963 3175 991 3228 νί
1014 3190 1065 3244 pro
1092 3191 1124 3232 ut
1144 3182 1174 3231 et

99 3295 103 3300 ·
129 3275 172 3329 13.
195 3273 344 3326 Mathiaco
360 3271 423 3324 Mat
442 3269 579 3327 Mattiaco
601 3269 756 3324 Rhenanus.
1100 3267 1105 3277 ”

151 3381 153 3386 ·
206 3371 243 3422 ι5.
263 3381 289 3420 et
304 3365 401 3436 fodere
420 3361 509 3436 rivos]
533 3379 559 3418 et
572 3363 705 3436 particula
725 3361 903 3434 subsequenti
922 3381 975 3438 qus
998 3365 1027 3416 ln
1046 3383 1173 3442 quaeque

129 3461 295 3528 respondet,
316 3473 346 3515 ut
364 3470 437 3515 recte
455 3463 564 3514 monuit
581 3459 756 3524 Waltherus,
774 3461 822 3513 sed
841 3448 956 3534 uterque
985 3459 1079 3523 labor,
1111 3470 1170 3514 tam

120 3553 225 3629 fidere
242 3555 319 3610 rivos
337 3543 416 3625 quath
437 3577 509 3630 quae
527 3560 557 3610 in
576 3570 670 3628 aperto
688 3557 804 3628 gratim
821 3557 929 3610 humum
957 3554 1035 3624 infra
1055 3559 1169 3621 moliri,
1241 3535 1243 3542 l

128 3653 253 3719 pertinet
270 3651 303 3702 ad
316 3651 418 3712 ‚tomam
438 3655 511 3705 inter
527 3656 630 3706 Mosam
653 3662 681 3706 et
699 3653 821 3704 Rhenum
841 3653 1016 3724 perductam:
1035 3671 1097 3706 nam
1116 3657 1169 3708 rivi

126 3745 321 3804 fodiebantur,
341 3753 371 3797 ut
390 3765 474 3817 aquae
495 3748 666 3816 hausblouge
686 3766 700 3800 a
719 3749 789 3800 fossa
803 3754 957 3816 stagnantes
969 3747 1004 3798 ad
1017 3765 1075 3800 eam
1093 3767 1167 3806 com-

126 3840 256 3909 plendam
278 3839 494 3926 quluterentnm
514 3862 586 3916 quae
605 3844 637 3894 in
656 3857 753 3912 aperto
780 3823 898 3909 gravia,
917 3844 943 3900 h.
962 3859 985 3913 e.
1012 3844 1115 3908 solida,
1138 3855 1169 3899 ut

127 3934 234 4002 lapides
254 3942 282 3985 et
299 3951 416 3992 arenae,
435 3935 506 3986 in'fra
525 3937 637 3988 humum
656 3935 795 3990 molienda
814 3930 910 4004 eraut,
934 3947 965 3992 ut
983 3941 1017 3994 iis
1037 3939 1167 3993 immissis

126 4025 224 4081 humus
245 4029 427 4083 antestatus
446 4037 474 4081 et
491 4023 589 4096 limosa¹
606 4031 784 4098 emupiretur.
