2862 4730
481 369 557 432 Lus.
582 369 620 432 11.
665 357 751 430 CAP.
775 371 911 439 aon—ta.
1153 375 1192 440 ει

152 571 205 612 eus
239 569 299 633 (quo
329 555 424 636 magis
452 533 691 636 agnosceretur,
728 553 903 616 detraxerat
930 553 1063 636 tegimen
1092 557 1237 639 capiti,(a
1255 567 1346 640 Cast)
1409 601 1411 606 ,

153 663 321 743 orabatque
345 661 520 722 insisterent
549 662 716 750 caedibus:
755 663 798 722 nil
819 683 896 745 opus
917 663 1067 744 captivis,
1096 663 1193 725 solam

153 773 392 832 internecionem
419 774 515 853 gentis
541 773 633 832 linem
654 769 736 832 bello
758 772 833 832 fore.
860 775 1012 853 datoque
1040 750 1116 832 sero
1132 771 1192 834 diei

152 869 294 939 subducit
315 899 349 938 ex
371 880 435 938 acie
457 877 605 959 legionem
629 879 774 940 faciendis
795 879 917 940 castris:
939 889 1058 938 ceterae
1068 879 1105 958 ad
1119 901 1194 942 ooc-

116 987 213 1047 5tem
237 1007 347 1051 cruore
368 989 500 1048 hostium
525 991 652 1050 satiatae
673 999 755 1049 sunt.
810 989 937 1069 Equites
964 987 1106 1068 ambigue
1125 1007 1195 1049 oer-

91 1083 270 1164 ffltavere.
321 1097 466 1157 Laudatis
491 1117 545 1179 pro
566 1100 712 1158 concione
734 1097 919 1174 victoribus,
946 1073 1060 1157 'caesar
1082 1115 1194 1178 conge·

153 1207 231 1265 ricm
250 1227 407 1267 armorum
431 1207 558 1284 struxit,
581 1207 713 1288 superbo
733 1227 804 1266 cum
821 1206 941 1266 titulo:
972 1204 1128 1266 debellatis
1148 1205 1195 1264 iu·
1228 1274 1230 1283 .

150 1325 198 1374 ter
220 1315 363 1376 Rhenum
381 1314 546 1396 Albimque
562 1315 738 1376 nationibus
761 1317 927 1375 exercitum
942 1314 1061 1376 Tibeni
1084 1314 1195 1374 Caesa·
1228 1377 1231 1384 ,

154 1423 196 1481 ris
218 1443 252 1507 ea
276 1417 464 1481 monimenta
485 1422 581 1480 Marti
605 1431 634 1480 et
655 1421 721 1482 lovi
747 1431 777 1481 et
794 1419 933 1504 Augusto
952 1423 1122 1484 sacravisse.
1146 1422 1194 1484 De
1225 1422 1232 1462 t

104 1548 183 1588 rose
206 1527 283 1588 nihil
304 1525 442 1600 addidit,
467 1537 550 1587 metu
570 1526 721 1602 invidiae,
747 1547 786 1586 au
807 1535 892 1586 ratus
903 1528 1117 1587 conscientiam
1129 1527 1195 1587 sae

152 1641 174 1697 ti
197 1639 269 1697 satis
288 1649 372 1697 esset
394 1637 397 1642 ’
420 1637 492 1694 Mox
513 1633 628 1696 bellum
657 1635 688 1694 io
711 1637 912 1720 Angrivarios
932 1635 1079 1696 Stertinio
1106 1626 1195 1696 luan-

152 1744 221 1821 dat,
243 1747 274 1823 pi
296 1742 484 1804 deditionem
504 1740 763 1822 properavissent.
806 1744 906 1824 Atque
926 1741 971 1802 illi
988 1738 1138 1824 supplices
1147 1745 1197 1804 ni-

92 1827 197 1910 2311st
214 1849 380 1911 abnuendo
402 1848 522 1909 veniam
544 1847 681 1908 omnium
701 1869 858 1930 accepere.
909 1847 972 1910 Sed
998 1831 1113 1912 aestate
1134 1851 1196 1912 iam

153 1957 260 2018 adulta
279 1957 432 2040 legionum
462 1954 553 2017 aliae«
568 1955 679 2017 itinere
708 1958 845 2018 terrestri
870 1959 902 2018 in
926 1956 1123 2019 hibernacula
1142 1977 1195 2019 re·

106 2067 141 2128 15
155 2068 278 2138 missae;
303 2065 406 2147 plures
428 2065 539 2126 Caesar
558 2063 645 2125 classi
665 2064 819 2147 impositas
839 2064 1028 2148 perilumeu
1045 2065 1195 2130 Amisiam

152 2177 279 2236 Oceano
301 2175 425 2240 invexit.
476 2173 524 2233 Ao
542 2171 643 2254 primo
664 2169 822 2254 placidum
841 2193 958 2254 aequor
977 2173 1050 2233 mile
1068 2175 1196 2235 navium

153 2287 247 2346 remis
267 2293 406 2366 strepere
428 2293 480 2344 aut
501 2280 575 2342 velis
597 2280 731 2364 impelli:
769 2303 837 2344 mox
860 2291 928 2344 atro
950 2283 1079 2343 nubium
1103 2282 1195 2365 globo

152 2393 247 2453 effusa
265 2390 407 2474 grando,
434 2389 524 2452 simul
544 2391 640 2450 variis
662 2389 798 2472 undique
820 2391 965 2473 procellis
986 2391 1193 2454 incertilluc-

152 2505 207 2561 tus'
220 2509 416 2582 prospectum
437 2497 589 2574 adimere,
612 2497 748 2578 regimerl
760 2496 925 2579 impedire3
947 2497 1092 2582 milesque
1105 2502 1193 2582 pavi·

104 2619 143 2660 20
154 2607 208 2668 dus
232 2617 261 2666 et
281 2625 405 2666 casuum
426 2603 521 2662 maris
544 2600 667 2682 ignarus
683 2601 757 2662 dum
772 2603 877 2663 turbat
897 2615 1006 2672 nautas
1017 2607 1065 2668 vel
1081 2611 1193 2682 intem.

153 2713 268 2796 pestive
289 2713 394 2787 iuvat,
419 2709 515 2773 officia
537 2709 735 2790 prudentium
756 2710 980 2793 corrumpebat.
1024 2715 1205 2777 Omnede-.

152 2823 225 2882 hinc
249 2819 365 2881 caelum
387 2829 419 2879 et
439 2839 523 2879 mare
545 2837 636 2878 omne
658 2818 690 2878 in
712 2829 850 2878 austrum
871 2821 981 2897 cessit,
1002 2821 1055 2902 qui
1068 2824 1193 2886 tumtdis

152 2932 338 3000 Germaniae
358 2931 465 3007 terris,
482 2925 657 3008 'profundis
689 2925 849 3006 amnibus,
884 2931 1032 2989 immenso
1063 2931 1192 2994 nubium

149 3051 250 3101 tractu
271 3037 410 3114 validus,
431 3047 461 3097 et
481 3037 582 3117 rigore
602 3011 695 3096 vieini
711 3036 929 3118 septentrionis
949 3036 1118 3118 horridior,
1140 3063 1192 3102 ra*

105 3145 141 3209 25
153 3149 218 3226 puit
252 3139 437 3224 disiecitque*
458 3162 549 3202 naves
572 3143 605 3201 io
636 3149 743 3222 aperta
764 3142 880 3204 Oceani
901 3155 955 3204 aut
972 3144 1093 3207 insulas
1115 3150 1192 3209 saxis

151 3255 300 3356 abruptis,
310 3252 359 3314 vel
382 3257 436 3334 per
467 3247 587 3312 occulta
619 3249 697 3346 vada
728 3237 859 3318 infestas.
920 3253 1039 3333 Quibus
1065 3252 1192 3336 paulum

166 3431 434 3444 meu—⁶·-

240 3552 266 3601 9.
285 3531 456 3585 munimenta
475 3529 521 3585 M:
539 3533 707 3586 monimenta
724 3527 843 3602 hipsiua.
905 3511 908 3519 Ι
931 3513 935 3522 .
1065 3603 1068 3610 1

223 3644 261 3678 ιο.
274 3623 366 3696 factis
386 3625 430 3678 M:
440 3627 521 3698 facti
539 3627 633 3678 Aldus.
671 3627 849 3694 Conscientia
868 3621 1030 3680 uousuliicit
1044 3621 1188 3698 sactissed

151 3719 183 3771 iis
202 3722 249 3790 qui
272 3723 404 3776 feceruut.
451 3721 578 3774 Ceterum
605 3739 654 3790 per
681 3737 774 3774 vocem
785 3721 1045 3795 factisiguificatur
1062 3725 1092 3776 id
1113 3725 1188 3796 quod

151 3818 250 3871 lactum
260 3821 321 3867 'est
855 3797 858 3806 ¹
872 3810 873 3818 ¹

223 3929 261 3970 ιι,
283 3913 439 3980 agrivmaos
457 3913 493 3964 hl.
862 3976 866 3982 .

225 3991 261 4065 13.
283 4019 421 4078 aegestate
441 4011 487 4061 hl:
507 4019 611 4064 aestate
630 4007 784 4062 heroaldus.
849 4033 851 4036 ·
