2862 4726
466 275 544 342 ιιι
564 273 620 342 vr
664 277 755 340 car.
778 280 909 344 ιιι-ιι.
1164 259 1249 348 ιιι

122 473 178 552 18
263 460 344 522 Dein
367 441 496 524 redeunt
518 464 637 544 priores
656 471 753 520 metus
775 460 927 542 postulato
949 460 1111 522 maiestatis
1139 462 1223 524 Con·
1237 465 1308 538 (ac
1320 467 1376 541 33)

182 568 261 629 sidio
283 566 440 646 Proculo,
460 568 514 651 qui
536 567 620 630 nullo
641 589 754 649 pavore
785 549 867 628 diem
903 565 1034 628 natalem
1067 567 1228 637 celebrans

175 689 283 759 raptus
312 680 343 736 iu
375 679 511 746 curiam,
555 678 734 760 pariterque
780 676 944 736 damnatus
972 677 1238 758 interfectusquec

178 787 220 846 Et
246 787 345 848 sorori
366 787 428 846 eius
451 789 577 848 Sanciae
598 807 676 867 aqua
689 797 782 868 atque
805 785 868 868 igni
888 785 1110 861 interdictum,
1132 803 1226 843 accu-

144 889 267 965 frsa'nte
292 899 408 974 Quinto
427 898 609 980 Pomponio.
631 897 660 958 ls
683 897 825 958 moribus
843 896 962 977 inquies
976 894 1053 954 haec
1072 904 1102 952 et
1124 891 1225 952 huius-

181 1006 299 1068 cemodi
325 1028 395 1067 ase
415 1007 546 1096 factitari
569 1007 813 1088 praetendebat,
842 1015 876 1066 ut
904 1015 992 1086 parta
1023 1000 1104 1083 apud
1136 1001 1226 1082 prIn-
1326 1030 1329 1038 ·

179 1117 278 1196 cipem
300 1118 397 1197 gratia
417 1113 563 1197 periculis
579 1115 743 1196 Pomponii
767 1113 900 1174 Secundi
921 1111 1026 1180 fratris
1043 1109 1226 1174 mederetur.
1284 1176 1287 1184 ¹
1392 1149 1395 1159 f

181 1219 282 1306 Etiam
305 1223 335 1280 in
358 1223 537 1301 Pompeiam
570 1220 741 1282 Macrinam
766 1219 904 1282 exsilium
937 1216 1109 1294 statuitur,
1138 1217 1226 1278 cuius

182 1329 327 1388 maritum
355 1327 552 1412 Argolicum,
597 1349 739 1390 socerum
777 1330 948 1399 Laconem,
990 1348 1007 1386 e
1039 1323 1226 1406 prirnoribus

127 1455 166 1496 ιο
187 1435 402 1507 Achaeorum,
441 1434 554 1495 Caesar
595 1433 768 1514 afflixerat,
814 1431 911 1492 Pater
942 1449 1064 1512 quoque
1098 1431 1225 1496 illustris

180 1563 273 1624 eques
296 1545 450 1604 Romanus
475 1563 510 1602 ee
533 1541 624 1602 trater
645 1541 838 1622 praetorius,
862 1543 932 1598 cuin
955 1537 1110 1600 damnatio
1130 1542 1225 1602 insta-

178 1661 247 1730 ret,
269 1671 301 1712 sc
323 1650 380 1730 ipsi
402 1648 588 1732 interfecere.
630 1649 745 1708 Datum
771 1657 838 1708 erat
859 1645 981 1716 crimini
1010 1643 1093 1728 quod
1123 1645 1224 1708 Theo·

178 1757 313 1838 phanem
333 1753 552 1837 Mytilenaeum
573 1775 725 1836 proavum
746 1775 856 1814 eorum
876 1755 1000 1812 Gnaeus
1021 1755 1150 1832 htagnus
1176 1758 1225 1816 in-

119 1851 123 1854 *
178 1871 237 1922 ter*
247 1861 369 1922 intimos
393 1859 565 1943 habuisset,
592 1859 734 1942 quodque
755 1859 901 1922 defuncto
921 1858 1106 1941 Theophani
1127 1862 1225 1924 caele·

106 1943 248 2051 ⁶19stes
268 1965 401 2028 honores
415 1969 539 2026 ¹Graeca
560 1965 694 2026 adulatio
721 1965 881 2026 tribuerat.
925 1966 1001 2030 Post
1019 1983 1096 2047 quos
1117 1965 1224 2033 Seritus

180 2076 297 2136 Marius
311 2059 531 2157 Hispaniarum
553 2074 716 2135 ditissimus
737 2076 874 2140 defertur
896 2077 1058 2136 incestasse
1078 2075 1172 2139 liliam
1193 2091 1232 2142 et-

1230 1497 1236 1541 t

90 2181 95 2186 “
176 2204 248 2244 sero
270 2183 402 2264 Tarpeio
425 2181 574 2244 deiicitur.
594 2184 638 2244 Ac
661 2205 700 2243 ne
722 2182 852 2244 dubium
873 2170 1038 2246 haberetur
1067 2186 1221 2268 magnitu-

176 2291 280 2352 dinem
307 2291 451 2373 pecuniae
478 2289 559 2352 molo
580 2294 729 2366 vertisse,
760 2292 897 2354 aurar'ias
927 2293 1012 2367 eius,
1046 2310 1228 2378 quanquam.

177 2397 430 2482 publicarentur,
453 2399 576 2460 sibimet
597 2400 740 2462 Tiberius
759 2403 902 2482 seposuit.
927 2403 1130 2486 Irritetusque
1146 2427 1222 2488 sup-

115 2493 159 2576 26
179 2507 277 2590 pliciis
297 2517 446 2586 cunctos,
468 2509 521 2590 qui
537 2498 673 2595 'carcere
695 2510 901 2571 attinebantur
933 2513 1066 2572 accusati
1093 2511 1225 2575 secieto-¹

175 2614 214 2674 tis
224 2633 295 2673 cum
315 2613 438 2694 Seiano,
458 2616 561 2674 necari
576 2613 674 2677 iubet..
693 2613 791 2675 lacuit
811 2613 958 2676 immensa
976 2628 1103 2700 strages,
1121 2625 1222 2684 omnis

175 2743 273 2801 sexus,
283 2722 379 2782 omnis
389 2732 479 2799 aetas,
491 2718 791 2804 illustresignobiles,
802 2706 930 2802 dispersi
938 2717 1145 2807 aut'aggerati.
1162 2731 1189 2792 N
1193 2753 1224 2794 ει

129 2877 132 2881 .
177 2851 238 2912 que
254 2829 438 2912 propinquis
460 2837 515 2888 aut
537 2827 642 2888 amicis
664 2829 805 2890 assistere
832 2819 1035 2909 illacrimare,
1060 2854 1098 2894 ne
1122 2835 1222 2896 visere

177 2939 301 3022 quidem
334 2939 447 3002 diutius
478 2937 629 3017 dabatur;
658 2938 712 2998 sed
742 2939 932 3002 circumiecti
953 2941 1094 3004 custodes
1126 2953 1162 3008 et
1185 2941 1221 3020 iu¹

115 3050 158 3114 25
180 3068 348 3111 maerorem
364 3049 512 3128 cuiusque
526 3046 636 3141 intenti
648 3066 774 3128 corpora
791 3048 960 3128 putrefacta
977 3049 1222 3131 assectabantur,

176 3157 251 3218 dum
279 3159 311 3218 iu
336 3157 478 3218 Tiberim
499 3155 719 3236 traherentur,
744 3157 798 3217 uhi
822 3154 973 3242 fluitantia
995 3171 1048 3220 aut
1067 3159 1141 3240 ripis
1162 3182 1220 3241 ap-.

176 3265 265 3348 pulsa
286 3289 348 3328 non
371 3286 510 3326 crcinare
529 3265 708 3348 quisquam,
731 3287 792 3328 uon
815 3267 1005 3350 contingere.
1049 3267 1216 3328 Intercide·

175 3387 224 3436 rat
244 3378 332 3436 sortis
362 3377 516 3436 humanae
544 3376 759 3434 commercium
794 3377 824 3436 vi
853 3387 970 3457 metus,
1005 3354 1214 3462 quantumque

174 3481 300 3554 saevitia
314 3461 480 3563 glisceret,
504 3470 656 3542 miseratio
679 3481 852 3544 arcebatur.

110 3587 172 3672 20
256 3589 321 3650 Sub
342 3589 424 3650 idem
459 3594 579 3670 tempus
601 3591 701 3650 Gaius
728 3590 862 3676 Caesar,
892 3588 1059 3651 discedenti
1084 3589 1214 3675 Capreas

172 3716 231 3756 avo
251 3715 373 3770 comes,
396 3693 555 3757 Claudiam
577 3697 674 3758 Marci
704 3696 797 3758 Silani
821 3679 929 3772 filiam,
960 3684 1100 3780 coniugio
1128 3723 1212 3764 ecce-

171 3812 420 3842 μ-θ-

247 3870 286 3905 ιι.
305 3851 464 3924 interficere
484 3853 526 3909 Mt
545 3854 710 3930 intersecare
729 3851 885 3906 Beroaldus.

247 3951 286 4004 re.
307 3943 492 4018 citrariosque
511 3947 557 4014 Mi
575 3948 737 4017 particulam
759 3956 832 4002 recte
852 3949 954 4004 deterit
975 3953 1108 4005 Muretus.

174 4033 207 4112 e
