2862 4726
517 269 591 349 un.
611 287 668 352 vr.
691 283 777 350 cnr.
799 286 931 355 14—16.
1182 286 1241 374 aa]

201 470 293 530 licum
317 468 476 530 consilium
499 489 657 551 nunquam
681 468 778 549 adiit,
809 468 906 532 deviis
926 465 1105 560 plerumque
1128 469 1283 552 itineri-(a
1299 477 1319 530 C
1338 478 1393 549 33.)

199 577 257 640 bus
276 579 430 664 ambigens
452 579 582 660 patriam
604 589 635 640 et
656 577 825 641 declinans.
1081 577 1086 588 ’

144 676 197 756 16
262 687 381 746 lntcrea
403 707 512 767 magna
537 687 583 745 vis
604 698 813 746 accusatorum
831 687 862 746 in
876 706 929 748 eos
941 684 1062 766 irrupit,
1081 684 1240 778 quipecu·
1296 737 1300 745 .

201 792 267 854 nias
289 791 393 856 secoro
414 792 606 854 auctitabant
627 793 791 882 adversum
814 793 909 876 legem
926 793 1081 854 dictatoris
1094 791 1242 865 Caesaris,

165 904 261 982 iqua
282 902 321 961 de
341 901 432 962 modo
453 901 602 962 credendi
631 901 869 984 possidendique
899 903 976 962 intra
999 900 1117 960 ltaliam
1149 889 1240 959 cave·

171 1003 274 1091 'ltur,
299 1009 439 1070 omissam
461 1007 553 1087 olim,
586 1009 657 1092 quia
683 1012 803 1090 privato
834 1010 904 1070 usui
936 1011 1052 1070 bonum
1084 1006 1240 1090 publicum
1270 1025 1273 1038 ·

202 1119 403 1200 postponitur.
445 1119 524 1178 Sane
545 1129 632 1178 vetus
654 1119 725 1180 urbi
753 1117 880 1180 fenebre
910 1115 1045 1195 malum,
1068 1128 1097 1177 et
1116 1108 1241 1176 seditid·

203 1245 276 1284 num
300 1223 583 1306 discordiarumque
616 1226 798 1287 creberrima
814 1247 930 1298 eausa;
955 1247 1052 1306 eoque
1074 1219 1242 1300 cohibeba-

201 1342 256 1392 tur
276 1331 406 1414 antiquis
437 1352 561 1413 quoque
586 1342 618 1393 ct
654 1333 755 1393 minus
787 1336 943 1415 corruptis
971 1333 1122 1396 moribus.
1165 1333 1252 1394 Nam¹

145 1465 181 1503 ro
202 1441 299 1522 primo
321 1439 483 1501 duodecim
507 1437 621 1501 tabulis
641 1450 807 1514 sanctum,
831 1461 871 1500 ne
895 1443 963 1520 quis
991 1443 1133 1507 unciario
1153 1441 1241 1502 feno-

200 1571 234 1610 re
258 1548 589 1629 ampliusexerceret,
618 1567 688 1606 curn
712 1554 803 1606 antea
825 1567 859 1606 cx
888 1545 1017 1606 libidine
1045 1544 1241 1648 lpcupletium

201 1660 367 1738 agitaretur
381 1653 481 1733 ;·dein
504 1655 662 1736 rogatione
687 1653 849 1714 tribunicia
870 1653 907 1714 ad
944 1653 1114 1714 semuncias
1136 1651 1242 1712 redac-

202 1776 254 1844 ta,
275 1774 430 1846 postremo
452 1765 545 1824 vetita
567 1783 704 1828 versura.
756 1759 921 1844 Multisque
943 1755 1043 1844 plebis
1081 1759 1159 1820 scitis
1186 1759 1243 1819 ob·

206 1917 481 1930 *ma—uu—

278 2043 317 2078 ro.
335 2023 479 2080 duodecim
499 2025 613 2096 tabulis]
638 2024 726 2076 Aliter
752 2023 845 2078 Livius
863 2024 929 2088 vlt,
953 2025 1009 2080 16.:
1048 2022 1131 2078 Haud
1155 2039 1244 2094 aeque

203 2121 279 2174 laeta
294 2120 423 2192 patribus
434 2121 593 2193 insequenti
609 2138 685 2172 anno
703 2117 781 2188 (398.
799 2135 824 2172 a.
844 2126 901 2182 u),
921 2121 950 2171 C.
969 2121 1079 2174 Marcio
1099 2119 1148 2177 Cn.
1162 2120 1244 2170 Man-
1342 2141 1346 2146 ·

202 2215 245 2270 tto
266 2193 446 2276 consulibus,
468 2211 501 2266 de
520 2213 652 2268 unciario
662 2215 767 2288 finorc
788 2234 806 2269 a
824 2217 862 2268 Μ.
881 2213 979 2266 Duilio
1009 2214 1039 2269 L.
1058 2197 1172 2266 Maenio
1191 2213 1244 2264 tri·
1315 2253 1325 2260 ,,

203 2307 284 2358 branis
302 2307 516 2378 pichisrogatio
534 2321 575 2361 est
589 2313 718 2382 per-lntn;
739 2325 765 2364 ct
781 2310 858 2382 plebs
875 2310 1025 2382 aliquanto
1041 2317 1104 2363 ‘eam
1135 2305 1245 2377 cupidi·
1311 2332 1315 2340 ·

204 2421 236 2455 us
256 2405 341 2457 scivit
360 2405 529 2478 accepitque.
567 2409 608 2457 De
627 2407 677 2457 hac
695 2405 868 2458 dissensione
890 2403 1000 2474 fideque
1014 2419 1065 2454 nec
1081 2403 1179 2474 Tacito
1188 2406 1246 2454 'nec

205 2497 284 2550 Livio
303 2497 459 2566 abroganda
480 2500 550 2552 conl.
565 2485 739 2551 niebuhrius
763 2500 791 2550 in
817 2501 918 2552 Histoe.
944 2503 1018 2554 Rom.
1044 2500 1091 2550 lll.
1116 2513 1178 2568 pag.
1202 2500 1247 2550 6ι·

204 2594 248 2651 62.
266 2593 400 2646 Nimirum
421 2596 517 2647 statuit
535 2597 622 2665 legem
643 2595 676 2648 dc
695 2595 790 2646 fenore
811 2597 842 2646 iu
862 2595 1007 2647 duodecim
1039 2582 1142 2648 tabulis
1170 2609 1247 2644 sanc·
1315 2645 1317 2655 s
1417 2615 1422 2627 =

206 2695 260 2738 tam
279 2695 375 2756 postea
393 2689 550 2761 abrogatam
570 2697 598 2742 et
616 2706 631 2739 a
648 2689 771 2742 tribunis
789 2689 881 2758 plebis
902 2692 1002 2742 iterum
1021 2687 1152 2755 perlatam
1178 2704 1247 2746 erse.

206 2787 365 2840 uriciarium
390 2785 475 2857 seniis
495 2793 536 2838 est
554 2787 635 2837 uncia
654 2803 673 2838 r.
691 2801 751 2854 pars
764 2785 830 2838 assis
844 2783 1005 2836 duodecima
1021 2799 1071 2850 pro
1093 2796 1172 2831 usura
1190 2797 1248 2834 ror-

207 2882 244 2930 tis
262 2895 296 2932 ex
316 2895 372 2932 uno
393 2897 452 2932 asse
478 2881 627 2934 constantis
655 2884 685 2932 ia
704 2880 770 2930 anni
790 2879 890 2948 prisci,
921 2881 968 2948 qui
993 2876 1085 2927 decem
1107 2875 1248 2926 mensibus

208 2975 416 3043 complebatur,
443 2975 561 3044 spatium
586 2967 649 3043 (8ss
668 2992 694 3044 p.
716 2975 820 3038 Ceut),
847 2973 872 3025 b.
901 2990 925 3028 e.
963 2971 1055 3025 decens
1086 2971 1251 3040 centesimae
1348 3040 1353 3046 ἱ

116 3068 119 3074 ’
207 3071 254 3137 (ιο
274 3087 301 3137 p.
327 3072 410 3139 Ceut)
429 3072 458 3121 in
483 3087 584 3122 anunm
608 3047 716 3142 civilem
742 3067 887 3124 duodecim
910 3083 1017 3120 menses
1046 3076 1247 3120 numerantem.

104 3198 107 3207 ι
207 3165 287 3224 Cous.
304 3164 473 3218 Niebubrius
495 3166 513 3222 l.
534 3184 555 3218 c.
577 3181 635 3235 pag.
649 3165 763 3220 66-68.
1093 3141 1095 3146 Ι

248 3259 249 3262 ’
282 3277 320 3322 ια,
341 3261 454 3331 rogatio
475 3260 525 3310 illa
543 3261 698 3314 tribunicia
717 3259 823 3332 perlata
856 3268 999 3314 esterno
1026 3275 1051 3313 a.
1071 3276 1097 3310 u.
1120 3259 1179 3328 4⁰⁸³
1207 3257 1249 3310 Cl.

207 3353 301 3406 Livius
322 3355 390 3418 vlt,
411 3373 451 3424 ²7·

244 3509 248 3515 ¹
283 3451 322 3505 13.
341 3452 425 3502 vetita
442 3448 573 3520 versura}
593 3451 693 3502 Mirum
721 3451 789 3501 mihi
820 3451 906 3502 risum
934 3458 976 3501 est
1004 3449 1085 3500 etiam
1112 3465 1253 3499 snnnnum

208 3541 520 3610 Nicbnbriumfflistor.
540 3545 614 3594 Rom.
634 3545 678 3595 lll.
699 3561 723 3612 p.
745 3547 799 3613 78.)
827 3563 860 3598 cn
877 3543 929 3593 hoc
958 3545 1017 3595 loco
1041 3543 1182 3611 collegisse
1197 3542 1248 3593 Ro-

207 3655 268 3694 mae
290 3639 602 3710 aliqnantumtemporis
620 3654 667 3688 aes
687 3639 807 3688 alienum
827 3636 963 3688 solu-cudis
984 3641 1072 3688 usuris
1091 3625 1252 3691 contrahere

207 3732 323 3784 vetitum
344 3734 447 3795 luisse,
466 3733 679 3803 quamvisidem
698 3736 738 3783 vir
756 3733 915 3800 ingeniosas
934 3733 1161 3800 significationem
1185 3751 1247 3784 rer·

208 3843 291 3877 surae
310 3827 423 3896 (Histoi.
454 3827 526 3880 liora.
548 3829 567 3876 1.
595 3846 621 3896 p:
650 3815 703 3896 6¹09
743 3827 783 3879 ed.
813 3833 849 3891 a]
876 3830 1025 3898 rectissime
1055 3830 1251 3896 explanarent,

210 3918 325 3974 Scilicet
336 3935 394 3974 sors
412 3937 471 3974 cum
490 3921 578 3974 usuris
597 3938 658 3978 nou,
673 3920 769 3973 solutis
787 3922 816 3974 in
835 3927 934 3973 snrteur
953 3921 1085 3974 amionem
1120 3919 1168 3970 ubi
1187 3934 1251 3972 com
