2900 4706
187 291 212 366 .‘
256 261 360 386 413⁸
510 282 514 284 ’
658 311 875 374 rennuunt
953 334 1008 361 .«

102 500 130 569 (a
146 498 239 570 Cea.)
255 498 407 559 sensorum
427 506 457 556 ct
480 491 686 576 magnitudine
705 493 857 554 moenium
877 488 1019 552 validam.
1068 484 1119 564 dd
1145 487 1203 548 boc
1223 488 1283 550 Ni.
1402 569 1405 578 Ι

252 607 415 688 ceplrorius
435 605 531 664 amnis
552 601 635 662 baud
658 599 827 684 spernenda
850 598 1011 680 latitudine
1042 606 1156 678 partem
1175 617 1283 657 muro-

253 729 321 778 rum
345 714 463 792 ambit3
485 725 515 774 et
537 712 626 773 ducta
643 711 749 791 ingens
766 708 860 775 fossa,
882 727 942 789 qua
964 705 1057 770 fluvio
1077 703 1283 766 diffidebatur.

254 826 438 906 lueruntque
471 822 578 884 milites
606 831 638 881 et
667 819 782 900 provisi
812 829 882 876 ante
911 825 1119 888 commentust
1149 833 1282 894 quorum

252 935 397 995 subvectu
417 925 504 1014 pauci
525 931 643 990 avidius
663 929 813 1010 progressi
835 939 865 987 et
878 908 1042 1014 repentinis
1062 922 1201 984 hostibus
1218 925 1278 984 cir·
1299 932 1318 993 5

138 1095 146 1110 ,
249 1039 403 1101 cumrenti
427 1038 474 1098 ira
495 1038 588 1118 magis
608 1055 699 1117 worn
720 1039 941 1095 metlr'ceteros
969 1031 1180 1092 accenderant.
1219 1027 1279 1091 sed

251 1147 368 1209 Partho
388 1145 426 1206 ad
445 1144 650 1226 exsequendas
668 1140 843 1204 obsidiones
869 1139 1111 1202 uullaoomiuus
1135 1137 1278 1200 audacia:

111 1313 116 1321 .
249 1257 324 1317 raris
349 1256 463 1337 sagittis
491 1273 591 1336 neque
619 1252 737 1313 clausos
761 1259 887 1312 exterret
917 1259 948 1309 et
982 1258 1076 1310 semet
1103 1247 1278 1308 frustratus

249 1361 398 1424 Adiabeni
419 1379 489 1421 cum
513 1379 694 1442 promovere
715 1358 811 1420 scalas
829 1368 860 1418 et
889 1355 1134 1416 machinamenta
1162 1355 1278 1435 incipe·

248 1480 326 1547 rent,
345 1467 433 1530 tacite
460 1467 594 1544 detuui,
611 1487 677 1527 mox
698 1463 925 1548 erumpentibus
954 1463 1066 1525 nostris
1093 1461 1273 1524 mediantur.
1303 1483 1337 1524 ro

248 1577 385 1638 Corbulo
407 1588 533 1651 tamen,
559 1576 697 1655 quamvis
724 1572 861 1632 mcundis
887 1570 976 1632 rebus
1003 1572 1085 1642 suis,
1117 1561 1309 1640 nudem-5
1427 1549 1428 1574 i

248 1685 321 1746 dum
342 1685 482 1746 fortduae
503 1693 589 1744 ratus
617 1683 700 1746 misit
719 1680 760 1742 ad
784 1679 953 1764 Vologesen
972 1681 1026 1762 qui
1055 1676 1282 1760 expostularent

246 1795 309 1854 rim
332 1795 504 1874 provinciae
527 1789 662 1852 illatam:
684 1789 801 1852 socium
825 1790 1014 1870 amicumque
1035 1807 1148 1870 regem,
1170 1786 1280 1847 cobor-

246 1911 293 1964 tes
315 1903 465 1962 Romanas
490 1899 713 1962 circumsideri.
756 1899 921 1960 Omitteret
949 1901 1050 1979 potius
1069 1891 1277 1972 obsidionem,

247 2018 300 2068 aut
321 2027 354 2068 se
381 2027 504 2088 quoque
527 2006 560 2064 iu
580 2023 655 2089 agro
676 2004 777 2066 hostili
806 2015 903 2065 castra
935 2004 1119 2085 positurum.
1160 2003 1277 2085 Caspe-
1302 2011 1338 2072 15

247 2112 309 2174 rius
327 2111 467 2172 centurio
490 2111 521 2170 iu
545 2101 611 2172 eam
646 2109 823 2192 legationem
856 2107 994 2170 delectus
1028 2107 1109 2190 apud
1134 2109 1283 2191 oppidum

248 2217 365 2278 Nisibin
387 2221 500 2296 septem
523 2226 553 2275 et
571 2217 691 2295 triginta
714 2215 836 2282 milibus
855 2235 998 2296 passuum
1018 2237 1037 2276 a
1059 2217 1283 2298 Tigranocerta

248 2325 409 2384 distantem
432 2322 496 2382 adit
517 2341 617 2403 regem
637 2332 668 2382 et
687 2321 827 2382 mandata
847 2321 991 2384 ferociter
1010 2323 1113 2384 edidit.
1135 2321 1282 2407 Vologesi

247 2441 336 2490 retus
359 2439 389 2489 et
413 2430 533 2509 penitus
553 2425 678 2486 infixum
705 2437 772 2488 erat
792 2449 878 2488 arma
902 2430 1042 2490 Romane
1061 2427 1197 2504 vitandi3
1223 2453 1280 2494 nec

249 2537 416 2619 praesentia
438 2513 583 2616 prospere
601 2533 745 2600 lluebant.
768 2535 897 2596 lrritum
915 2535 1086 2616 obsidium3
1109 2547 1193 2600 t'utus
1213 2561 1278 2601 ma·
1297 2573 1337 2614 20

249 2665 292 2704 nu
313 2654 343 2703 et
365 2645 459 2726 copiis
482 2645 651 2728 Tigranes3
672 2643 766 2724 fugati
785 2646 837 2726 qui
858 2645 1112 2726 expugnationem
1142 2668 1282 2730 sumpse·

248 2761 338 2830 rant3
362 2751 468 2811 missae
491 2753 522 2809 in
550 2750 725 2809 Armeniam
753 2748 907 2832 legiones,
937 2759 968 2810 et
998 2749 1076 2812 aliae
1095 2773 1152 2834 pro
1189 2754 1281 2816 Suria

248 2867 371 2940 paratae
390 2856 473 2920 ultro
491 2858 678 2938 irrumpam
703 2857 763 2918 sibi
792 2857 979 2919 imbecillum
1011 2863 1144 2941 equitem
1175 2862 1281 2944 pabuli

249 2967 376 3046 inopia:
406 2985 478 3024 nam
509 2973 612 3023 exorsu
631 2963 678 3023 ris
705 2963 892 3024 locustarum
923 2961 1099 3024 ambederat
1130 2966 1279 3048 quiequid

247 3071 410 3132 herbidum
430 3079 483 3130 aut
507 3069 698 3130 frondosum.
747 3069 846 3150 lgitur
875 3079 959 3170 metu
986 3072 1128 3134 abstruso
1159 3075 1279 3134 mitiora
1297 3090 1341 3154 ,ς

248 3178 441 3256 obtendens,
471 3176 634 3237 missurum
652 3174 693 3236 ud
717 3177 935 3257 imperatorem
967 3179 1141 3238 Romanum
1168 3177 1281 3260 legatos

249 3307 338 3369 super
358 3284 486 3368 peteuda
507 3285 651 3368 Armenia
671 3295 702 3344 et
722 3283 873 3344 firmanda
892 3305 968 3366 paee
991 3285 1168 3367 respondet.
1210 3287 1281 3346 blo·

112 3435 117 3446 ·
207 3417 216 3430 ·
249 3415 340 3454 nesea
361 3393 500 3453 omittere
526 3393 778 3474 Tigranocertam
803 3392 902 3465 iubet3
924 3392 989 3474 ipse
1009 3404 1093 3453 retro
1123 3391 1277 3453 coneedit.
1427 3457 1428 3466 χ

251 3501 333 3562 Haec
362 3511 397 3560 ut
423 3497 524 3582 plures
560 3498 723 3560 formidine
749 3501 827 3581 regis
849 3509 880 3559 et
899 3498 1080 3562 Corbulonis
1104 3499 1193 3560 minis
1226 3497 1310 3580 pa-6

247 3618 329 3667 trata
349 3628 384 3667 ac
405 3607 562 3690 magnilica
581 3605 770 3670 extollebant.
815 3606 875 3668 Atii
906 3607 1023 3670 occulte
1053 3610 1201 3692 pepigisse
1231 3608 1279 3666 in·
1298 3600 1340 3660 3⁰
1427 3585 1428 3596 i

324 3850 362 3916 nl.
381 3848 578 3904 circumsedere
595 3851 655 3902 lde:
674 3848 866 3904 circumsideri
883 3852 913 3903 d.

199 3982 203 3991 .
321 3949 363 4012 ²⁴.
380 3947 406 3997 ri
426 3946 592 3998 locustarum
611 3945 725 4008 uberum
742 3946 859 4000 correxit
877 3945 993 4015 Lipsius.
