2900 4706
457 247 639 357 manvi.
673 263 955 372 carna-ref,
1141 289 1202 356 ast
1272 333 1274 340 Α
1387 359 1390 366 ,

173 471 267 552 exsilii
292 473 407 530 veniam
430 472 664 552 impetravisset:
684 469 797 549 qnippe
826 463 968 525 Anteium
993 473 1024 525 et
1047 464 1203 548 Ostorium
1214 483 1240 549 (a
1257 475 1353 549 cest
1374 510 1376 513 -

171 569 460 662 irnminerc'relrus,
489 589 519 638 et
551 599 604 638 sua
625 577 819 656 Caesarisque
851 573 912 634 luta
940 575 1079 633 scrutari.
1119 573 1198 634 Exin

169 662 276 747 missae
308 687 495 763 liburnicae,
535 683 756 764 advehiturque
790 702 924 763 propere
955 679 1107 742 Sosianus.
1149 680 1196 740 Ac

147 825 148 835 κ
170 794 293 874 vulgato
315 797 380 856 eius
399 792 514 854 indicio
535 796 615 852 inter
636 791 795 878 damnatos
815 789 909 869 magis
934 807 1024 868 quam
1046 787 1124 880 inter
1145 809 1194 848 re·
1231 855 1232 862 ἵ
1268 869 1269 874 ¹

135 883 160 956 δ’
168 922 201 961 os
223 905 349 964 Anteius
368 903 568 982 Ostoriusque
591 899 799 974 habebantur,
822 895 897 956 adeo
931 905 965 954 ut
984 905 1195 956 tastamentum

172 1011 274 1071 Anteii
291 1003 380 1072 nenio
401 1012 594 1093 obsignaret,
618 1010 674 1068 nisi
698 1004 863 1088 Tigellinus
886 1014 993 1064 auctor
1024 1003 1192 1066 exstitisset.

46 1121 49 1130 ’
116 1099 119 1104 ’
168 1119 305 1180 Monitns
339 1120 423 1198 prius
457 1120 583 1178 Anteius
619 1137 657 1176 ne
685 1133 839 1195 supremas
866 1108 985 1174 tabulas
1014 1120 1194 1172 moraretur.

170 1225 266 1304 Atque
287 1215 336 1283 ille
357 1224 463 1284 hausto
484 1244 601 1283 veneno
621 1222 796 1281 tarditatem
817 1219 880 1298 einp
903 1220 1027 1298 perosus
1050 1216 1194 1276 intercisis

113 1323 250 1402 i5venis
271 1318 398 1401 mortem
430 1330 651 1411 approperavit.
688 1324 837 1386 'Ostorius
863 1318 1034 1406 longinquis
1062 1325 1093 1382 in
1116 1324 1195 1405 agris

112 1445 146 1485 ¹⁰
166 1434 246 1514 apud
266 1436 356 1494 linem
380 1439 523 1518 Ligurum
551 1436 583 1496 id
605 1435 749 1514 temporis
769 1441 846 1495 erat.
888 1431 934 1491 Eo
957 1428 1066 1488 missus
1086 1440 1194 1490 centu·

160 1541 228 1615 rio,
250 1545 303 1622 qui
324 1543 444 1628 caedem
466 1545 532 1604 eius
561 1551 738 1602 maturaret.
779 1538 875 1598 Causa
905 1534 1066 1596 festinandi
1101 1556 1140 1594 ex,
1155 1555 1193 1594 eo

164 1645 339 1724 oriebatur,
371 1647 454 1730 qnod
485 1650 628 1708 Ostorius
660 1645 755 1734 multa
784 1641 1027 1713 minacissima,
1058 1653 1089 1702 et
1117 1642 1192 1706 civi·

164 1773 231 1818 cem
255 1775 397 1816 eoronam
419 1757 498 1836 apud
518 1757 718 1824 Britanniam
733 1755 874 1826 meritus,
908 1750 1022 1830 ingenti
1055 1749 1194 1828 corporis

99 1913 107 1928 ,
164 1857 276 1918 robore
287 1879 502 1941 armorumque
514 1861 637 1923 scientia
652 1865 765 1918 metu'm
779 1856 894 1916 Neroni
909 1854 1033 1930 fecerat,
1047 1872 1086 1914 ne
1104 1856 1192 1916 iuva·
1281 1901 1285 1911 .

9 1997 11 2002 ,
42 2002 47 2010 -
108 1951 145 2010 ¹5
162 1963 248 2023 deret
268 1965 413 2046 pavidum
435 1987 551 2048 semper
571 1977 600 2026 et
620 1976 737 2046 reperta
761 1985 857 2044 nuper
876 1960 1085 2023 coniuratione
1098 1964 1192 2041 magis

162 2073 349 2136 exterritum.
390 2069 489 2154 lgitur
509 2073 660 2150 centurio,
681 2070 735 2132 ubi
757 2071 865 2151 effugia
886 2068 976 2130 villae
999 2066 1115 2141 elausit,
1129 2069 1191 2130 ius·
1214 2115 1216 2119 -
1310 2101 1319 2108 -

162 2197 193 2235 sa
219 2175 406 2256 imperatoris
431 2179 554 2238 Ostorio
575 2179 685 2258 aperit.
728 2178 758 2238 ls
789 2175 996 2242 tortitudinem
1025 2195 1113 2255 saepe
1135 2175 1206 2236 ad·-

160 2299 283 2339 versum
316 2281 418 2342 hostes
443 2282 672 2362 spectatamin
692 2304 723 2344 se
760 2283 859 2342 uertit.
903 2280 944 2340 Et
973 2278 1043 2368 quia
1074 2299 1189 2358 venae,

148 2407 332 2467 'quanquam
356 2389 541 2470 interruptae
570 2411 679 2470 parurn
703 2371 857 2470 sanguinis
877 2385 1094 2464 effundebant,
1117 2387 1189 2448 hac·

45 2489 47 2493 ’
102 2486 144 2556 aa
162 2503 248 2554 tenus
269 2486 361 2554 manu
391 2499 470 2557 servi
490 2517 561 2556 usus
582 2509 617 2556 ut
640 2481 799 2558 immotum
819 2498 982 2577 pugionem
1010 2493 1187 2574 extolleret,
1291 2531 1293 2536 ·

158 2601 306 2680 oppressit
326 2599 462 2660 dextram
486 2605 550 2661 eius
570 2601 732 2683 iuguloque
753 2603 894 2667 occurrit.

100 2715 156 2794 16
239 2703 340 2762 Etiam
361 2705 386 2762 si
409 2703 488 2764 bella
513 2713 636 2764 externa
662 2715 692 2762 et
713 2704 809 2763 obitas
829 2725 885 2784 pro
905 2724 938 2764 re
961 2703 1082 2784 publica
1104 2727 1188 2768 mor-

104 2836 106 2845 ,
158 2819 307 2870 testante
328 2831 452 2870 casuum
475 2811 671 2874 similitudine
701 2832 919 2888 memorarem,
949 2833 1058 2894 meque
1088 2817 1188 2896 ipsum
1212 2804 1216 2808 ⁵

157 2915 249 2976 satias
273 2919 423 2998 cepisset,
446 2917 637 3000 aliorumque
663 2917 798 3004 taedium
827 2895 1048 2999 exspectarem,
1080 2941 1197 2999 quam-1

95 3025 139 3088 25
158 3021 204 3082 vis
236 3020 377 3082 honestos
410 3025 523 3085 civium
550 3027 674 3104 exitus,
700 3024 805 3086 tristes
830 3035 932 3086 tamen
963 3022 993 3092 et
1026 3028 1190 3088 continuos

159 3129 395 3210 aspernantium.
424 3131 468 3190 At
485 3153 567 3192 nnnc
581 3136 726 3217 patientia
739 3132 858 3195 servilis
874 3143 1066 3215 tantumques
1079 3140 1188 3217 angui·

156 3232 203 3292 nis
223 3232 306 3294 domi
327 3234 483 3316 perditum
512 3236 638 3321 fatigant
667 3238 803 3304 animum
825 3248 856 3300 et
885 3240 1034 3300 maestitia
1060 3246 1187 3304 restrin-

156 3351 240 3420 gunt.
283 3343 389 3428 Neque
403 3343 492 3406 aliam
514 3344 716 3408 defensionem
732 3346 771 3407 ab
791 3347 956 3430 iis'quilrus
980 3348 1037 3409 ista
1059 3369 1185 3412 noscen-

160 3499 387 3516 *mm—0*

242 3607 266 3658 7.
285 3594 381 3664 Anteio
404 3593 452 3656 lle·

229 3682 269 3755 sq.
289 3681 396 3758 robore]
419 3689 543 3756 eorporis
569 3687 748 3751 iterandas,
782 3699 808 3744 rt
831 3709 866 3760 ¹7·
894 3693 925 3744 in
951 3691 974 3765 ῤ’
986 3665 1043 3764 ,pm
1067 3697 1191 3764 impera*

158 3789 234 3833 roras.

226 3866 265 3922 a8=
285 3868 334 3940 itit¹
347 3870 395 3923 Ma,
432 3873 497 3928 Mos
517 3893 540 3946 p.
562 3880 623 3945 468,
643 3881 669 3933 3.·
688 3877 787 3934 editam
805 3882 842 3935 G:
861 3881 936 3936 edito
952 3881 995 3938 lli⁸
1014 3899 1074 3962 eunt
1094 3883 1163 3938 aliis.
