2900 4724
306 341 368 408 ³56
712 332 936 396 arrasum

156 522 186 593 (a
208 521 335 593 osona
355 521 427 582 anni
448 523 580 604 spatium
597 519 729 598 vivendi,
744 520 989 602 ⁸praecipuaeque
1006 539 1079 602 opes
1098 515 1187 580 bnis
1206 519 1341 598 artibus,

302 629 448 692 inollensa
467 639 515 690 tot
535 630 751 716 imperatorum
773 628 889 688 malitia
910 628 977 694 fuit.

151 741 303 811 (an-tro.)
384 736 507 800 Nerone
545 736 712 798 secundum
745 737 840 796 Lucio
874 736 987 796 Pisone
1027 732 1200 796 consulibus
1235 739 1387 819 paucam

153 836 181 905 (⁸
194 835 225 889 0·
239 836 446 906 ⁵7·lmemoria
470 841 561 924 digna
583 862 731 919 evenere,
752 843 811 902 nlsi
830 841 879 902 cui
907 839 1001 902 libeat
1033 839 1194 902 laudandis
1222 841 1338 903 lunda·

298 951 408 1012 mentis
428 959 458 1010 et
476 946 640 1025 trabibus,
665 949 731 1028 quis
763 945 873 1007 molem
894 945 1109 1028 amphitheatri
1138 945 1223 1028 apud
1249 955 1374 1020 cam-5

298 1073 373 1142 pum
395 1058 500 1118 Martis
523 1057 632 1116 Caesar
661 1064 861 1132 exstruxerat,
891 1055 1047 1116 volumina
1077 1051 1222 1137 implere,
1262 1075 1336 1116 cnm
1371 1051 1373 1060 ’

301 1185 337 1226 ex
355 1163 501 1246 dignitate
523 1160 629 1244 populi
655 1161 785 1222 Romani
805 1171 961 1243 repertum
986 1163 1025 1222 sit
1045 1181 1092 1222 res
1123 1157 1255 1222 illustres
1278 1181 1334 1221 an·

302 1271 441 1352 palibus,
461 1269 535 1332 talia
555 1270 675 1330 diurnis
693 1270 781 1332 urbis
803 1271 877 1330 actis
896 1269 1051 1331 mandare.
1092 1270 1234 1332 Ceterum
1249 1267 1334 1330 eolo·

300 1377 369 1438 niae
389 1377 492 1460 Capua
513 1385 603 1458 atque
625 1376 757 1482 Npceria
778 1375 887 1436 additis
906 1375 1060 1461 veteranis
1087 1377 1223 1440 firmatae
1239 1387 1334 1455 snot;

266 1557 271 1573 ·
298 1484 456 1570 plebeique
476 1484 664 1566 congiarium
684 1483 883 1567 quadringeni
906 1485 1023 1544 nummi
1045 1483 1160 1546 viritim
1189 1483 1274 1562 dati,
1300 1496 1334 1546 et
1358 1505 1389 1544 ιο

297 1593 469 1653 sestertium
489 1589 733 1670 quadringenties
762 1592 878 1650 aerario
900 1589 1016 1650 illatum
1043 1601 1088 1652 est
1119 1591 1157 1653 ad
1196 1593 1333 1652 retinen·

186 1709 189 1714 ‘
275 1697 368 1758 'dam
391 1695 495 1779 populi
519 1696 620 1761 fidem.
660 1695 797 1779 Vectigal
819 1717 938 1779 quoque
957 1699 1082 1779 quintae
1110 1709 1140 1758 et
1173 1700 1334 1761 vicesimae

298 1804 453 1866 venalium
482 1809 702 1890 mancipiorum
721 1807 892 1884 remissum,
925 1806 1021 1888 specie
1053 1808 1149 1890 magis
1170 1830 1262 1890 quam
1278 1811 1331 1884 ri,

298 1914 369 1996 quia
391 1933 461 1973 cum
487 1913 626 1974 venditor
654 1913 788 1996 pendere
816 1913 997 1990 iuberetur,
1029 1913 1062 1972 iu
1088 1923 1213 1994 partem
1242 1899 1333 1995 pretii

297 2020 486 2102 emptoribus
507 2021 702 2082 accrescebat.
742 2021 844 2082 Edixit
865 2023 991 2098 Caesar,
1010 2041 1049 2082 oe
1075 2021 1143 2104 quis
1178 2023 1332 2102 magistra·
1355 2021 1387 2084 ιδ

298 2139 347 2190 tus
372 2138 424 2188 out
446 2139 635 2210 procurator,
656 2129 707 2208 qui
729 2129 917 2209 provinciam
937 2130 1108 2204 obtineret,
1131 2131 1335 2210 spectaculum

300 2235 502 2319 gladiatorum
521 2248 574 2296 aut
595 2237 726 2296 serarum
750 2247 803 2295 aut
826 2235 910 2316 quod
942 2235 1026 2296 aliud
1048 2236 1198 2298 ludicrum
1219 2239 1333 2302 ederet.
1427 2293 1428 2320 ζ

299 2341 379 2402 Nam
405 2341 475 2400 ante
509 2360 570 2400 non
603 2340 701 2398 minus
735 2337 789 2398 tali
821 2339 983 2422 largitione
1010 2363 1101 2424 quam
1130 2343 1334 2425 corripiendis
1427 2337 1428 2350 ¹

299 2447 435 2530 pecuniis
456 2447 607 2508 subiectos
626 2444 816 2527 affligebant,
841 2443 915 2506 dum
937 2456 1016 2530 quae
1043 2449 1170 2511 libidine
1191 2449 1331 2531 delique·

302 2565 395 2633 rant,
418 2541 534 2613 amliitu
555 2561 758 2634 propugnant.
789 2549 918 2614 Factum
950 2565 979 2614 et
1007 2565 1129 2614 senatus
1155 2551 1380 2632 consultum39
1425 2631 1426 2634 Ἴ

302 2662 411 2725 ultioni
430 2661 509 2722 iuxta
531 2671 561 2721 et
580 2659 743 2736 securitati,
765 2670 809 2737 ut,
831 2661 855 2722 si
869 2661 938 2742 quis
950 2646 974 2719 ¹a
995 2663 1056 2720 sois
1076 2659 1172 2721 servis
1187 2661 1331 2722 interfec-
1425 2643 1426 2654 ἵ

302 2782 352 2832 tus
372 2780 471 2848 esset,
496 2772 517 2829 ii
539 2791 671 2852 quoque,
692 2771 745 2851 qui
766 2777 944 2829 testamento
958 2769 1131 2828 manumissi
1151 2767 1330 2830 subendam

302 2885 382 2936 tecto
403 2875 595 2950 mansissent,
616 2875 698 2932 inter
725 2894 825 2933 servos
853 2873 997 2954 supplicia
1027 2873 1204 2962 penderent.
1252 2875 1331 2935 Red·

305 2982 389 3042 ditur
409 2982 507 3042 ordini
529 2981 640 3042 Lucius
661 2981 773 3041 Varius
800 2982 984 3060 consularis,
1016 2983 1163 3044 avaritiae
1189 2982 1328 3043 crimini·
1424 2967 1425 3061 l

303 3088 364 3148 bns
384 3088 456 3148 olim
476 3087 641 3170 perculsus.
683 3088 725 3148 Et
743 3083 908 3168 Pomponia
933 3091 1082 3151 Graecina
1103 3089 1227 3171 insignis
1250 3091 1329 3150 ferni·
1346 3093 1377 3158 25

302 3207 362 3266 na,
384 3189 526 3268 Plautio,
562 3193 615 3272 qui
639 3211 734 3251 ovans
767 3213 798 3251 se
828 3193 866 3250 de
890 3193 1051 3254 Britanniis
1071 3193 1206 3275 rettulit,
1236 3208 1331 3278 nupta

306 3319 342 3359 ac
366 3300 584 3380 superstitionis
618 3309 756 3359 externae
788 3321 857 3372 rea,
896 3305 999 3362 mariti
1029 3305 1139 3366 iudicio
1170 3307 1329 3386 permissa.

307 3407 396 3487 laque
418 3405 515 3486 prisco
534 3406 692 3481 instituto,
713 3406 888 3488 propinquis
907 3429 1027 3487 coram,
1047 3410 1085 3470 de
1114 3411 1212 3492 capite
1234 3411 1328 3470 fama·

307 3533 367 3596 que
396 3513 551 3594 coniugis,
580 3513 739 3591 cognovit,
776 3523 805 3571 et
838 3516 990 3574 insontem
1018 3517 1180 3582 nuntiarit.
1230 3515 1330 3598 Longa

308 3619 380 3680 lruic
401 3617 584 3699 Pomponiae
605 3627 685 3678 aetas
707 3625 738 3676 et
761 3623 904 3679 continua
918 3619 1044 3682 tristitia
1064 3625 1132 3685 luit.
1170 3623 1250 3686 Nam
1267 3633 1331 3706 post
1345 3611 1378 3671 3⁰

311 3750 605 3769 *unt-1¹·-

395 3848 420 3898 8.
441 3845 707 3901 interamniam
732 3851 767 3900 ι6.
790 3850 820 3902 ἰη
838 3849 997 3916 provincia
1011 3853 1128 3905 correxit
1145 3851 1298 3912 Rhenanus.
1420 3923 1421 3928 ἵ

381 3943 421 4007 ²l·
442 3939 539 3990 Lurias
561 3941 665 3993 notu:
684 3941 782 3996 lucius
803 3946 833 3992 Δ,
850 3943 920 3996 Dein
941 3949 981 3998 aa.
999 3948 1088 4020 platin
1106 3949 1157 4002 lta
1420 3933 1421 4007 l
