2900 4706
250 291 311 355 333
409 308 413 328 ‚
527 253 530 258 ’
654 245 876 342 tusleium

99 477 134 540 (ι
147 471 386 546 Ε.6ο.)ῑειιῃὶηἰε,
409 472 491 530 varia
516 469 616 544 sama,
638 480 671 527 ut
692 479 800 530 cuncta
826 469 921 528 ferme
935 485 1020 526 nova.
1049 467 1170 546 Quippe
1191 467 1337 550 erantpo

245 580 297 659 qui
330 581 467 639 Gnaeum
499 597 622 658 quoque
652 577 830 656 Pompeium
862 579 1031 635 incusatum
1059 582 1086 632 a
1108 573 1278 633 senioribus

242 685 373 763 ferrent,
403 685 484 766 quod
517 705 686 745 mansuram
721 680 835 756 theatri
864 685 966 743 sedern
995 681 1149 764 posuisset.
1199 680 1277 739 Nam
1332 709 1342 716 ⁴

244 777 508 853 antea‘suhiiariis
528 791 671 872 gradibus
694 803 724 852 et
750 813 838 852 scena
860 795 891 850 in
914 802 1032 872 tempus
1056 800 1170 850 structa
1190 787 1278 848 ludos

245 897 292 960 edi
319 899 441 974 solitos3
475 899 521 959 vel
542 900 566 960 si
593 899 758 960 vetustiora
796 910 932 979 repetas,
971 907 1099 960 stantem
1130 883 1314 978 populum5

168 1069 170 1074 .
242 985 430 1090 spectarisse.
470 1008 502 1067 Si
523 1009 693 1068 consideret
713 1007 857 1084 theatro,
880 1007 943 1067 dies
965 1006 1185 1088 totos-ignavia
1205 1025 1279 1064 con-

155 1132 159 1138 “
242 1118 384 1180 tinuaret.
407 1116 453 1175 Ne
477 1113 719 1195 spectaculorum
744 1115 866 1196 quidem
889 1115 1054 1196 antiquitas
1083 1125 1277 1204 servaretup,

241 1227 379 1308 quotiens
400 1235 519 1306 praetor
538 1223 674 1300 sederet,
699 1223 784 1304 nulla
807 1223 948 1304 cuiquam
968 1224 1079 1282 civium
1103 1224 1280 1282 necessitate

243 1331 387 1400 certandi,
431 1331 574 1392 Ceterum
603 1331 733 1392 abolitos
751 1329 895 1410 paulatim
915 1333 1028 1415 patrios
1050 1349 1146 1390 mores
1176 1327 1279 1388 fundi.

243 1449 291 1500 tus
313 1438 409 1500 everti
441 1460 494 1519 per
515 1438 643 1498 accitam
671 1438 846 1515 lasciviam,
865 1433 914 1497 vut
935 1440 1017 1520 quod
1054 1456 1178 1518 usquam
1208 1457 1275 1496 cor·
1306 1449 1340 1488 ¹0

230 1534 342 1630 ¹rumpi
362 1559 391 1609 et
412 1569 607 1628 corrumpere
629 1560 738 1628 queat,
770 1550 799 1608 in
832 1547 909 1607 urbe
931 1548 1069 1619 visatur,
1103 1545 1280 1626 degeneret-

182 1711 187 1718 .
243 1679 301 1739 que
321 1655 429 1717 studiis
451 1657 581 1717 externis
604 1656 763 1731 iuventus,
789 1657 943 1738 gymnasia
967 1665 999 1714 et
1040 1655 1101 1713 otia
1122 1661 1154 1710 et
1175 1661 1280 1732 turpes

242 1785 359 1824 amores
382 1764 559 1836 exercendo,
580 1765 719 1845 principe
737 1774 766 1822 ct
787 1773 894 1849 senatu
915 1763 1104 1836 auctoribus,
1129 1761 1182 1840 qui
1213 1781 1274 1820 nou
1314 1769 1316 1774 ’

244 1871 335 1934 modo
354 1873 506 1952 licentiam
523 1873 603 1932 vitiis
622 1868 829 1954 permiserint,
850 1872 902 1932 sed
921 1872 980 1930 vim
1004 1869 1190 1945 adhibeant,
1211 1888 1281 1948 pro*

245 2001 329 2042 ceres
352 1979 477 2047 Romani
498 1982 596 2060 specie
616 1981 787 2040 orationum
808 1991 837 2039 et
854 1983 1022 2038 carminum
1056 1996 1145 2036 scena
1176 1975 1277 2054 pollu-
1307 1968 1339 2030 15

245 2099 345 2148 antur.
388 2085 470 2162 Quid
492 2103 649 2165 superesse
670 2087 727 2146 nisi
752 2073 785 2144 nt
812 2105 940 2166 corpora
961 2105 1083 2165 quoque
1114 2083 1232 2142 nudent
1252 2095 1283 2144 et

245 2201 359 2254 caestus
381 2203 553 2266 assumant,
575 2213 683 2271 easque
704 2213 821 2271 pugnas
842 2213 897 2270 pro
923 2193 1031 2252 militia
1053 2192 1197 2252 sturmis
1223 2211 1281 2250 me·

163 2369 167 2379 Ι
244 2301 399 2358 ditentur?
422 2299 472 2357 An
493 2277 638 2356 iustitiam
661 2297 780 2377 augurii
798 2307 828 2356 et
844 2297 980 2360 decurias
1005 2303 1162 2382 equitum,
1194 2319 1282 2380 egre·

149 2427 151 2438 ¹
246 2407 327 2486 gium
350 2401 502 2462 iudicandi
525 2423 647 2482 munus,
671 2402 852 2483 expleturos,
875 2407 899 2463 si
914 2405 1024 2467 fractos
1046 2428 1134 2468 sonos
1158 2419 1189 2468 et
1210 2405 1280 2466 dul-

245 2501 381 2570 cedibem
404 2529 510 2572 vocum
534 2509 637 2592 perite
652 2509 828 2574 audissent?
857 2511 968 2573 Noctes
992 2533 1115 2595 quoque
1142 2515 1280 2574 dedecori
1299 2536 1338 2574 20

247 2616 394 2690 adiectas,
418 2637 456 2676 ne
477 2616 558 2699 quod
580 2627 698 2697 tempus
721 2619 828 2698 pudori
859 2620 1075 2701 relinquatur,
1105 2621 1160 2682 sed
1192 2634 1281 2682 coetu

230 2721 427 2805 'promiscum
439 2725 519 2806 quod
525 2722 745 2812 perditissimus
756 2728 881 2807 quisque
892 2747 948 2806 per
962 2727 1043 2786 diem
1057 2732 1280 2809 concupiverit,

248 2853 300 2910 per
320 2831 460 2890 tenebras
480 2831 601 2890 audeat.
643 2831 787 2892 Pluribus
818 2834 881 2911 ipsa
911 2833 1032 2896 licentia
1054 2833 1213 2914 placebat,
1247 2827 1333 2909 acffl

248 2945 347 2992 tamen
382 2921 507 2994 honesta
539 2935 663 2994 nomina
692 2936 946 3016 praetendebant.
1000 2941 1132 3000 Maiores
1160 2962 1282 3022 quoque

249 3061 307 3099 iton
328 3041 521 3100 abhorruisse
550 3040 789 3123 spectaculorum
820 3027 1047 3108 oblectamentis
1073 3069 1132 3136 pro
1159 3049 1281 3109 fortuna
1301 3047 1342 3108 25

249 3168 326 3228 quae
351 3159 414 3206 tum
437 3157 525 3223 erat,
550 3168 648 3230 eoque
669 3170 686 3208 a
706 3149 811 3209 Tuscis
832 3151 940 3212 accitos
962 3152 1142 3227 histriones,
1165 3179 1182 3216 a
1203 3157 1283 3216 Thu-

232 3233 299 3312 *riis
325 3273 473 3332 equorum
496 3259 680 3327 certamina;
713 3262 744 3312 et
774 3275 908 3334 possessa
932 3259 1047 3320 Achaia
1070 3261 1203 3345 Asiaque
1236 3263 1282 3322 lu-

251 3361 304 3420 dos
326 3361 458 3421 curatius
478 3359 598 3436 editos,
623 3381 678 3420 nec
700 3383 881 3442 quemqnam
912 3367 1026 3428 Romae
1058 3371 1185 3432 honesto
1218 3371 1303 3431 loco

181 3533 182 3536 Ἴ
250 3465 357 3526 ortum*
374 3465 413 3524 ad
433 3465 593 3526 theatrales
615 3481 693 3527 artes
715 3467 961 3549 degeneravisse,
989 3474 1125 3536 ducentis
1146 3479 1205 3536 iam
1229 3499 1282 3536 an·
1426 3461 1427 3522 l

251 3574 298 3632 nis
320 3574 437 3631 abucii
465 3575 600 3634 Mummii
624 3575 794 3654 triumpho,
819 3583 879 3658 qni.
891 3583 1006 3660 primus
1028 3582 1063 3642 id.
1081 3605 1174 3664 genus
1195 3605 1279 3663 spec·
1298 3583 1337 3642 30

248 3676 341 3758 taculi
362 3677 391 3734 in
419 3679 493 3738 urbe
515 3680 699 3762 praebuerit.
743 3685 852 3744 Sedet
875 3685 1043 3748 consultum
1064 3693 1278 3771 queremonias,
1426 3689 1427 3764 l

249 3797 470 3814 'mu-

326 3904 362 3950 16.
382 3908 441 3972 quis
463 3903 518 3958 Mt,
543 3903 666 3972 ulcusque
692 3909 728 3960 ιδ,
751 3905 864 3962 iustitie.
