<?xml version="1.0" encoding="UTF-8"?>
<!DOCTYPE html PUBLIC "-//W3C//DTD XHTML 1.0 Transitional//EN"
    "http://www.w3.org/TR/xhtml1/DTD/xhtml1-transitional.dtd">
<html xmlns="http://www.w3.org/1999/xhtml" xml:lang="en" lang="en">
 <head>
  <title>
</title>
<meta http-equiv="Content-Type" content="text/html;charset=utf-8" />
  <meta name='ocr-system' content='tesseract 3.04.00' />
  <meta name='ocr-capabilities' content='ocr_page ocr_carea ocr_par ocr_line ocrx_word'/>
</head>
<body>
  <div class='ocr_page' id='page_1' title='image "./ccorneliitaciti00rittgoog_0402.png"; bbox 0 0 2900 4706; ppageno 0'>
   <div class='ocr_carea' id='block_1_1' title="bbox 265 275 886 391">
    <p class='ocr_par' dir='ltr' id='par_1_1' title="bbox 265 275 886 391">
     <span class='ocr_line' id='line_1_1' title="bbox 265 275 886 391; baseline -0.013 -1"><span class='ocrx_word' id='word_1_1' title='bbox 265 326 326 391; x_wconf 80' lang='lat' dir='ltr'><strong>sou</strong></span> <span class='ocrx_word' id='word_1_2' title='bbox 665 275 886 383; x_wconf 69' lang='lat' dir='ltr'><strong>¹urstisium</strong></span> 
     </span>
    </p>
   </div>
   <div class='ocr_carea' id='block_1_2' title="bbox 116 499 1433 2740">
    <p class='ocr_par' dir='ltr' id='par_1_2' title="bbox 116 499 1298 702">
     <span class='ocr_line' id='line_1_2' title="bbox 116 499 1298 594; baseline -0.007 -22"><span class='ocrx_word' id='word_1_3' title='bbox 116 504 142 572; x_wconf 77' lang='lat'><strong>(¹</strong></span> <span class='ocrx_word' id='word_1_4' title='bbox 161 499 542 594; x_wconf 52' lang='lat' dir='ltr'><strong>C·61·)onis&#39;manifestus:</strong></span> <span class='ocrx_word' id='word_1_5' title='bbox 566 513 675 591; x_wconf 86' lang='lat' dir='ltr'><strong>quippe</strong></span> <span class='ocrx_word' id='word_1_6' title='bbox 694 509 788 570; x_wconf 81' lang='lat' dir='ltr'><strong>multa</strong></span> <span class='ocrx_word' id='word_1_7' title='bbox 810 512 840 570; x_wconf 89' lang='lat' dir='ltr'><strong>in</strong></span> <span class='ocrx_word' id='word_1_8' title='bbox 858 503 1010 570; x_wconf 81' lang='lat' dir='ltr'>Neronem</span> <span class='ocrx_word' id='word_1_9' title='bbox 1043 499 1214 570; x_wconf 74' lang='lat' dir='ltr'><strong>aduletionc</strong></span> <span class='ocrx_word' id='word_1_10' title='bbox 1239 505 1298 570; x_wconf 81' lang='lat' dir='ltr'><strong>ed.</strong></span> 
     </span>
     <span class='ocr_line' id='line_1_3' title="bbox 264 592 1298 702; baseline 0.003 -27"><span class='ocrx_word' id='word_1_11' title='bbox 264 615 342 676; x_wconf 80' lang='lat' dir='ltr'>didit</span> <span class='ocrx_word' id='word_1_12' title='bbox 361 605 571 679; x_wconf 86' lang='lat' dir='ltr'><strong>subiecturum</strong></span> <span class='ocrx_word' id='word_1_13' title='bbox 591 623 623 680; x_wconf 87' lang='lat' dir='ltr'><strong>ei</strong></span> <span class='ocrx_word' id='word_1_14' title='bbox 643 592 832 702; x_wconf 75' lang='lat' dir='ltr'><strong>provinciam</strong></span> <span class='ocrx_word' id='word_1_15' title='bbox 853 621 960 695; x_wconf 83' lang='lat' dir='ltr'><strong>fuisse,</strong></span> <span class='ocrx_word' id='word_1_16' title='bbox 982 622 1006 679; x_wconf 89' lang='lat' dir='ltr'><strong>si</strong></span> <span class='ocrx_word' id='word_1_17' title='bbox 1035 619 1159 680; x_wconf 88' lang='lat' dir='ltr'><strong>biennio</strong></span> <span class='ocrx_word' id='word_1_18' title='bbox 1191 619 1298 698; x_wconf 78' lang='lat' dir='ltr'><strong>proxi-</strong></span> 
     </span>
    </p>

    <p class='ocr_par' dir='ltr' id='par_1_3' title="bbox 213 709 1433 2423">
     <span class='ocr_line' id='line_1_4' title="bbox 213 709 1330 817; baseline -0.002 -31"><span class='ocrx_word' id='word_1_19' title='bbox 213 808 218 817; x_wconf 73' lang='lat'><em>,</em></span> <span class='ocrx_word' id='word_1_20' title='bbox 264 743 314 786; x_wconf 85' lang='lat' dir='ltr'><strong>mo</strong></span> <span class='ocrx_word' id='word_1_21' title='bbox 337 725 466 789; x_wconf 83' lang='lat' dir='ltr'><strong>vixisset.</strong></span> <span class='ocrx_word' id='word_1_22' title='bbox 507 725 565 786; x_wconf 86' lang='lat' dir='ltr'><strong>Sed</strong></span> <span class='ocrx_word' id='word_1_23' title='bbox 589 719 653 786; x_wconf 83' lang='lat' dir='ltr'><strong>tum</strong></span> <span class='ocrx_word' id='word_1_24' title='bbox 680 722 825 786; x_wconf 86' lang='lat' dir='ltr'><strong>Paulinus</strong></span> <span class='ocrx_word' id='word_1_25' title='bbox 857 727 1021 785; x_wconf 87' lang='lat' dir='ltr'><strong>Suetonius</strong></span> <span class='ocrx_word' id='word_1_26' title='bbox 1040 726 1209 806; x_wconf 77' lang='lat' dir='ltr'><strong>&#39;obtinebat</strong></span> <span class='ocrx_word' id='word_1_27' title='bbox 1229 723 1295 786; x_wconf 85' lang='lat' dir='ltr'><strong>Bri·</strong></span> <span class='ocrx_word' id='word_1_28' title='bbox 1318 709 1330 718; x_wconf 87' lang='lat'><strong>..</strong></span> 
     </span>
     <span class='ocr_line' id='line_1_5' title="bbox 264 833 1295 916; baseline -0.001 -23"><span class='ocrx_word' id='word_1_29' title='bbox 264 844 387 908; x_wconf 82' lang='lat' dir='ltr'><strong>tannes,</strong></span> <span class='ocrx_word' id='word_1_30' title='bbox 413 837 536 896; x_wconf 83' lang='lat' dir='ltr'><strong>seientia</strong></span> <span class='ocrx_word' id='word_1_31' title='bbox 561 836 684 898; x_wconf 83' lang='lat' dir='ltr'><strong>miiitiae</strong></span> <span class='ocrx_word' id='word_1_32' title='bbox 705 848 735 894; x_wconf 88' lang='lat' dir='ltr'><strong>et</strong></span> <span class='ocrx_word' id='word_1_33' title='bbox 754 856 874 894; x_wconf 84' lang='lat' dir='ltr'><strong>rumore</strong></span> <span class='ocrx_word' id='word_1_34' title='bbox 904 833 1027 916; x_wconf 79' lang='lat' dir='ltr'><strong>populi,</strong></span> <span class='ocrx_word' id='word_1_35' title='bbox 1057 833 1110 915; x_wconf 90' lang='lat' dir='ltr'><strong>qni</strong></span> <span class='ocrx_word' id='word_1_36' title='bbox 1141 834 1295 894; x_wconf 79' lang='lat' dir='ltr'><strong>neminem</strong></span> 
     </span>
     <span class='ocr_line' id='line_1_6' title="bbox 263 917 1339 1022; baseline -0.001 -24"><span class='ocrx_word' id='word_1_37' title='bbox 263 939 327 1000; x_wconf 88' lang='lat' dir='ltr'><strong>sine</strong></span> <span class='ocrx_word' id='word_1_38' title='bbox 347 939 466 1002; x_wconf 81' lang='lat' dir='ltr'><strong>aemulo</strong></span> <span class='ocrx_word' id='word_1_39' title='bbox 488 941 576 1018; x_wconf 89' lang='lat' dir='ltr'><strong>sinit,</strong></span> <span class='ocrx_word' id='word_1_40' title='bbox 598 943 780 1004; x_wconf 82' lang='lat' dir='ltr'>Corbulonis</span> <span class='ocrx_word' id='word_1_41' title='bbox 800 917 1009 1016; x_wconf 66' lang='lat' dir='ltr'><strong>concertator,</strong></span> <span class='ocrx_word' id='word_1_42' title='bbox 1032 943 1226 1022; x_wconf 75' lang='lat' dir='ltr'><strong>receptaeque</strong></span> <span class='ocrx_word' id='word_1_43' title='bbox 1242 939 1296 998; x_wconf 82' lang='lat' dir='ltr'><strong>Ar·</strong></span> <span class='ocrx_word' id='word_1_44' title='bbox 1318 932 1339 992; x_wconf 83' lang='lat'>5</span> 
     </span>
     <span class='ocr_line' id='line_1_7' title="bbox 261 1041 1297 1132; baseline 0 -26"><span class='ocrx_word' id='word_1_45' title='bbox 261 1051 378 1107; x_wconf 86' lang='lat' dir='ltr'><strong>meniae</strong></span> <span class='ocrx_word' id='word_1_46' title='bbox 400 1047 489 1110; x_wconf 91' lang='lat' dir='ltr'><strong>decus</strong></span> <span class='ocrx_word' id='word_1_47' title='bbox 506 1071 635 1132; x_wconf 83' lang='lat' dir='ltr'><strong>aequare</strong></span> <span class='ocrx_word' id='word_1_48' title='bbox 653 1051 774 1111; x_wconf 90' lang='lat' dir='ltr'><strong>domitis</strong></span> <span class='ocrx_word' id='word_1_49' title='bbox 798 1048 1001 1130; x_wconf 82' lang='lat' dir='ltr'><strong>perduellibus</strong></span> <span class='ocrx_word' id='word_1_50' title='bbox 1022 1051 1158 1130; x_wconf 87' lang='lat' dir='ltr'><strong>cupiens.</strong></span> <span class='ocrx_word' id='word_1_51' title='bbox 1198 1041 1297 1128; x_wconf 83' lang='lat' dir='ltr'><strong>igitur</strong></span> 
     </span>
     <span class='ocr_line' id='line_1_8' title="bbox 261 1149 1294 1240; baseline 0.001 -27"><span class='ocrx_word' id='word_1_52' title='bbox 261 1153 385 1214; x_wconf 88' lang='lat' dir='ltr'><strong>Monam</strong></span> <span class='ocrx_word' id='word_1_53' title='bbox 404 1155 551 1232; x_wconf 85' lang='lat' dir='ltr'><strong>insulam,</strong></span> <span class='ocrx_word' id='word_1_54' title='bbox 577 1159 684 1219; x_wconf 83' lang='lat' dir='ltr'><strong>incolis</strong></span> <span class='ocrx_word' id='word_1_55' title='bbox 706 1158 836 1218; x_wconf 82' lang='lat' dir='ltr'><strong>validam</strong></span> <span class='ocrx_word' id='word_1_56' title='bbox 862 1171 891 1218; x_wconf 89' lang='lat' dir='ltr'><strong>et</strong></span> <span class='ocrx_word' id='word_1_57' title='bbox 913 1157 1136 1240; x_wconf 80' lang='lat' dir='ltr'><strong>receptaculum</strong></span> <span class='ocrx_word' id='word_1_58' title='bbox 1157 1149 1294 1238; x_wconf 77' lang='lat' dir='ltr'><strong>peringe-</strong></span> 
     </span>
     <span class='ocr_line' id='line_1_9' title="bbox 261 1259 1293 1348; baseline 0.001 -27"><span class='ocrx_word' id='word_1_59' title='bbox 261 1282 348 1340; x_wconf 86' lang='lat' dir='ltr'><strong>rum,</strong></span> <span class='ocrx_word' id='word_1_60' title='bbox 370 1261 493 1346; x_wconf 82' lang='lat' dir='ltr'><strong>adgredi</strong></span> <span class='ocrx_word' id='word_1_61' title='bbox 515 1278 621 1348; x_wconf 83' lang='lat' dir='ltr'><strong>parat,</strong></span> <span class='ocrx_word' id='word_1_62' title='bbox 645 1287 797 1348; x_wconf 82' lang='lat' dir='ltr'><strong>navesque</strong></span> <span class='ocrx_word' id='word_1_63' title='bbox 815 1267 982 1326; x_wconf 75' lang='lat' dir='ltr'><strong>fabricatur</strong></span> <span class='ocrx_word' id='word_1_64' title='bbox 1010 1263 1100 1346; x_wconf 72' lang='lat' dir='ltr'><strong>piano</strong></span> <span class='ocrx_word' id='word_1_65' title='bbox 1129 1259 1220 1324; x_wconf 79' lang='lat' dir='ltr'><strong>eiveo‘</strong></span> <span class='ocrx_word' id='word_1_66' title='bbox 1238 1259 1293 1330; x_wconf 84' lang='lat' dir='ltr'><strong>ud-</strong></span> 
     </span>
     <span class='ocr_line' id='line_1_10' title="bbox 260 1361 1433 1460; baseline 0.001 -32"><span class='ocrx_word' id='word_1_67' title='bbox 260 1389 364 1431; x_wconf 87' lang='lat' dir='ltr'><strong>versus</strong></span> <span class='ocrx_word' id='word_1_68' title='bbox 385 1368 479 1433; x_wconf 87' lang='lat' dir='ltr'><strong>breve</strong></span> <span class='ocrx_word' id='word_1_69' title='bbox 500 1381 530 1434; x_wconf 90' lang='lat' dir='ltr'><strong>et</strong></span> <span class='ocrx_word' id='word_1_70' title='bbox 544 1361 702 1439; x_wconf 87' lang='lat' dir='ltr'><strong>incertum.</strong></span> <span class='ocrx_word' id='word_1_71' title='bbox 744 1373 793 1433; x_wconf 90' lang='lat' dir='ltr'><strong>Sic</strong></span> <span class='ocrx_word' id='word_1_72' title='bbox 814 1373 925 1454; x_wconf 85' lang='lat' dir='ltr'><strong>pedes:</strong></span> <span class='ocrx_word' id='word_1_73' title='bbox 945 1374 1060 1454; x_wconf 84' lang='lat' dir='ltr'><strong>equites</strong></span> <span class='ocrx_word' id='word_1_74' title='bbox 1079 1369 1161 1432; x_wconf 74' lang='lat' dir='ltr'><strong>vado</strong></span> <span class='ocrx_word' id='word_1_75' title='bbox 1180 1371 1289 1445; x_wconf 86' lang='lat' dir='ltr'><strong>secuti,</strong></span> <span class='ocrx_word' id='word_1_76' title='bbox 1431 1383 1433 1460; x_wconf 71' lang='lat' dir='ltr'><strong>t</strong></span> 
     </span>
     <span class='ocr_line' id='line_1_11' title="bbox 259 1466 1351 1562; baseline -0.001 -25"><span class='ocrx_word' id='word_1_77' title='bbox 259 1490 312 1538; x_wconf 82' lang='lat' dir='ltr'><strong>aut</strong></span> <span class='ocrx_word' id='word_1_78' title='bbox 330 1477 455 1540; x_wconf 82' lang='lat' dir='ltr'><strong>altiores</strong></span> <span class='ocrx_word' id='word_1_79' title='bbox 475 1483 553 1540; x_wconf 90' lang='lat' dir='ltr'><strong>inter</strong></span> <span class='ocrx_word' id='word_1_80' title='bbox 575 1481 672 1543; x_wconf 82' lang='lat' dir='ltr'><strong>undas</strong></span> <span class='ocrx_word' id='word_1_81' title='bbox 694 1481 845 1542; x_wconf 77' lang='lat' dir='ltr'><strong>adnantes</strong></span> <span class='ocrx_word' id='word_1_82' title='bbox 865 1481 947 1562; x_wconf 91' lang='lat' dir='ltr'><strong>equis</strong></span> <span class='ocrx_word' id='word_1_83' title='bbox 975 1479 1143 1540; x_wconf 76' lang='lat' dir='ltr'><strong>tramisere‘.</strong></span> <span class='ocrx_word' id='word_1_84' title='bbox 1188 1466 1351 1547; x_wconf 74' lang='lat' dir='ltr'><strong>Stabat30</strong></span> 
     </span>
     <span class='ocr_line' id='line_1_12' title="bbox 258 1583 1292 1668; baseline 0.001 -23"><span class='ocrx_word' id='word_1_85' title='bbox 258 1597 314 1667; x_wconf 81' lang='lat' dir='ltr'><strong>pro</strong></span> <span class='ocrx_word' id='word_1_86' title='bbox 335 1583 436 1648; x_wconf 89' lang='lat' dir='ltr'><strong>littore</strong></span> <span class='ocrx_word' id='word_1_87' title='bbox 456 1587 575 1649; x_wconf 81' lang='lat' dir='ltr'><strong>diversa</strong></span> <span class='ocrx_word' id='word_1_88' title='bbox 598 1591 694 1666; x_wconf 84' lang='lat' dir='ltr'><strong>acies,</strong></span> <span class='ocrx_word' id='word_1_89' title='bbox 717 1587 809 1649; x_wconf 84' lang='lat' dir='ltr'><strong>densa</strong></span> <span class='ocrx_word' id='word_1_90' title='bbox 831 1589 924 1648; x_wconf 82' lang='lat' dir='ltr'><strong>armis</strong></span> <span class='ocrx_word' id='word_1_91' title='bbox 955 1587 1107 1668; x_wconf 80' lang='lat' dir='ltr'><strong>virisque,</strong></span> <span class='ocrx_word' id='word_1_92' title='bbox 1141 1585 1292 1646; x_wconf 83' lang='lat' dir='ltr'><strong>intercur·</strong></span> 
     </span>
     <span class='ocr_line' id='line_1_13' title="bbox 258 1691 1293 1774; baseline -0.004 -20"><span class='ocrx_word' id='word_1_93' title='bbox 258 1695 391 1756; x_wconf 79' lang='lat' dir='ltr'><strong>sentibus</strong></span> <span class='ocrx_word' id='word_1_94' title='bbox 410 1695 541 1774; x_wconf 79' lang='lat' dir='ltr'><strong>feminis,</strong></span> <span class='ocrx_word' id='word_1_95' title='bbox 571 1697 601 1756; x_wconf 91' lang='lat' dir='ltr'><strong>in</strong></span> <span class='ocrx_word' id='word_1_96' title='bbox 623 1697 745 1757; x_wconf 88' lang='lat' dir='ltr'><strong>modum</strong></span> <span class='ocrx_word' id='word_1_97' title='bbox 775 1697 938 1756; x_wconf 76' lang='lat' dir='ltr'><strong>Furiarum</strong></span> <span class='ocrx_word' id='word_1_98' title='bbox 960 1703 1040 1756; x_wconf 84' lang='lat' dir='ltr'><strong>veste</strong></span> <span class='ocrx_word' id='word_1_99' title='bbox 1067 1692 1170 1769; x_wconf 75' lang='lat' dir='ltr'><strong>ferali,</strong></span> <span class='ocrx_word' id='word_1_100' title='bbox 1199 1691 1293 1752; x_wconf 89' lang='lat' dir='ltr'><strong>crini·</strong></span> 
     </span>
     <span class='ocr_line' id='line_1_14' title="bbox 257 1783 1292 1885; baseline -0.002 -25"><span class='ocrx_word' id='word_1_101' title='bbox 257 1799 316 1861; x_wconf 87' lang='lat' dir='ltr'><strong>bus</strong></span> <span class='ocrx_word' id='word_1_102' title='bbox 336 1802 477 1875; x_wconf 82' lang='lat' dir='ltr'><strong>deiectis,</strong></span> <span class='ocrx_word' id='word_1_103' title='bbox 501 1803 579 1864; x_wconf 82' lang='lat' dir='ltr'><strong>feces</strong></span> <span class='ocrx_word' id='word_1_104' title='bbox 600 1803 821 1885; x_wconf 81' lang='lat' dir='ltr'><strong>praeierebeut.</strong></span> <span class='ocrx_word' id='word_1_105' title='bbox 864 1799 1058 1884; x_wconf 82' lang='lat' dir='ltr'><strong>Druidaeque</strong></span> <span class='ocrx_word' id='word_1_106' title='bbox 1071 1804 1203 1871; x_wconf 85' lang='lat' dir='ltr'><strong>circum,</strong></span> <span class='ocrx_word' id='word_1_107' title='bbox 1215 1783 1216 1787; x_wconf 6' lang='grc' dir='ltr'>ἵ</span> <span class='ocrx_word' id='word_1_108' title='bbox 1228 1819 1292 1880; x_wconf 88' lang='lat' dir='ltr'><strong>pre·</strong></span> 
     </span>
     <span class='ocr_line' id='line_1_15' title="bbox 259 1907 1294 1985; baseline -0.001 -17"><span class='ocrx_word' id='word_1_109' title='bbox 259 1929 308 1968; x_wconf 84' lang='lat' dir='ltr'><strong>ces</strong></span> <span class='ocrx_word' id='word_1_110' title='bbox 328 1909 411 1972; x_wconf 84' lang='lat' dir='ltr'><strong>diras</strong></span> <span class='ocrx_word' id='word_1_111' title='bbox 431 1907 556 1972; x_wconf 83' lang='lat' dir='ltr'><strong>sublatis</strong></span> <span class='ocrx_word' id='word_1_112' title='bbox 576 1911 615 1971; x_wconf 82' lang='lat' dir='ltr'><strong>ud</strong></span> <span class='ocrx_word' id='word_1_113' title='bbox 632 1910 749 1971; x_wconf 86' lang='lat' dir='ltr'><strong>caelum</strong></span> <span class='ocrx_word' id='word_1_114' title='bbox 778 1910 916 1970; x_wconf 84' lang='lat' dir='ltr'><strong>menibus</strong></span> <span class='ocrx_word' id='word_1_115' title='bbox 949 1907 1127 1985; x_wconf 84' lang='lat' dir='ltr'><strong>fundentes,</strong></span> <span class='ocrx_word' id='word_1_116' title='bbox 1149 1908 1294 1973; x_wconf 68' lang='lat' dir='ltr'><strong>‚novitate</strong></span> 
     </span>
     <span class='ocr_line' id='line_1_16' title="bbox 258 2013 1353 2100; baseline -0.001 -23"><span class='ocrx_word' id='word_1_117' title='bbox 258 2029 396 2098; x_wconf 81' lang='lat' dir='ltr'><strong>aspectus</strong></span> <span class='ocrx_word' id='word_1_118' title='bbox 419 2017 577 2098; x_wconf 86' lang='lat' dir='ltr'><strong>perculere</strong></span> <span class='ocrx_word' id='word_1_119' title='bbox 598 2019 733 2097; x_wconf 86' lang='lat' dir='ltr'><strong>militem,</strong></span> <span class='ocrx_word' id='word_1_120' title='bbox 757 2029 792 2079; x_wconf 92' lang='lat' dir='ltr'><strong>ut</strong></span> <span class='ocrx_word' id='word_1_121' title='bbox 813 2021 898 2100; x_wconf 86' lang='lat' dir='ltr'><strong>quusi</strong></span> <span class='ocrx_word' id='word_1_122' title='bbox 920 2016 1119 2077; x_wconf 84' lang='lat' dir='ltr'><strong>haerentibus</strong></span> <span class='ocrx_word' id='word_1_123' title='bbox 1150 2013 1293 2076; x_wconf 87' lang='lat' dir='ltr'><strong>membris</strong></span> <span class='ocrx_word' id='word_1_124' title='bbox 1319 2014 1353 2076; x_wconf 74' lang='lat'><strong>15</strong></span> 
     </span>
     <span class='ocr_line' id='line_1_17' title="bbox 259 2123 1296 2207; baseline 0 -23"><span class='ocrx_word' id='word_1_125' title='bbox 259 2124 414 2186; x_wconf 85' lang='lat' dir='ltr'><strong>immobile</strong></span> <span class='ocrx_word' id='word_1_126' title='bbox 433 2147 540 2206; x_wconf 86' lang='lat' dir='ltr'><strong>corpus</strong></span> <span class='ocrx_word' id='word_1_127' title='bbox 564 2126 741 2186; x_wconf 86' lang='lat' dir='ltr'><strong>vulneribus</strong></span> <span class='ocrx_word' id='word_1_128' title='bbox 770 2127 960 2207; x_wconf 85' lang='lat' dir='ltr'><strong>praeberent.</strong></span> <span class='ocrx_word' id='word_1_129' title='bbox 1002 2125 1080 2185; x_wconf 89' lang='lat' dir='ltr'>Dein</span> <span class='ocrx_word' id='word_1_130' title='bbox 1107 2123 1296 2185; x_wconf 78' lang='lat' dir='ltr'><strong>cohortatio·</strong></span> 
     </span>
     <span class='ocr_line' id='line_1_18' title="bbox 258 2231 1295 2320; baseline 0 -30"><span class='ocrx_word' id='word_1_131' title='bbox 258 2231 347 2320; x_wconf 85' lang='lat' dir='ltr'><strong>nibus</strong></span> <span class='ocrx_word' id='word_1_132' title='bbox 369 2231 453 2292; x_wconf 90' lang='lat' dir='ltr'><strong>ducis</strong></span> <span class='ocrx_word' id='word_1_133' title='bbox 474 2242 505 2291; x_wconf 90' lang='lat' dir='ltr'><strong>et</strong></span> <span class='ocrx_word' id='word_1_134' title='bbox 524 2255 554 2291; x_wconf 87' lang='lat' dir='ltr'><strong>se</strong></span> <span class='ocrx_word' id='word_1_135' title='bbox 577 2235 631 2313; x_wconf 88' lang='lat' dir='ltr'><strong>ipsi</strong></span> <span class='ocrx_word' id='word_1_136' title='bbox 652 2235 837 2294; x_wconf 71' lang='lat' dir='ltr'><strong>stimulantes</strong></span> <span class='ocrx_word' id='word_1_137' title='bbox 851 2257 890 2316; x_wconf 76' lang='lat' dir='ltr'><strong>ne</strong></span> <span class='ocrx_word' id='word_1_138' title='bbox 910 2233 1112 2294; x_wconf 70' lang='lat' dir='ltr'><strong>muliebreoet</strong></span> <span class='ocrx_word' id='word_1_139' title='bbox 1132 2231 1295 2290; x_wconf 79' lang='lat' dir='ltr'><strong>fanaticum</strong></span> 
     </span>
     <span class='ocr_line' id='line_1_19' title="bbox 257 2341 1293 2423; baseline 0.004 -25"><span class='ocrx_word' id='word_1_140' title='bbox 257 2359 363 2419; x_wconf 79' lang='lat' dir='ltr'><strong>agmen</strong></span> <span class='ocrx_word' id='word_1_141' title='bbox 395 2352 614 2420; x_wconf 77' lang='lat' dir='ltr'><strong>pavescerent,</strong></span> <span class='ocrx_word' id='word_1_142' title='bbox 643 2341 776 2399; x_wconf 87' lang='lat' dir='ltr'><strong>inferunt</strong></span> <span class='ocrx_word' id='word_1_143' title='bbox 798 2344 883 2422; x_wconf 81' lang='lat' dir='ltr'><strong>signu</strong></span> <span class='ocrx_word' id='word_1_144' title='bbox 913 2353 1110 2423; x_wconf 80' lang='lat' dir='ltr'><strong>sternuntque</strong></span> <span class='ocrx_word' id='word_1_145' title='bbox 1135 2341 1243 2402; x_wconf 84' lang='lat' dir='ltr'><strong>obvios</strong></span> <span class='ocrx_word' id='word_1_146' title='bbox 1264 2347 1293 2402; x_wconf 85' lang='lat' dir='ltr'><strong>et</strong></span> 
     </span>
    </p>

    <p class='ocr_par' dir='ltr' id='par_1_4' title="bbox 189 2441 1346 2740">
     <span class='ocr_line' id='line_1_20' title="bbox 189 2441 1290 2529; baseline 0.005 -27"><span class='ocrx_word' id='word_1_147' title='bbox 189 2511 193 2518; x_wconf 88' lang='lat'>.</span> <span class='ocrx_word' id='word_1_148' title='bbox 258 2443 320 2525; x_wconf 85' lang='lat' dir='ltr'><strong>igni</strong></span> <span class='ocrx_word' id='word_1_149' title='bbox 342 2466 397 2505; x_wconf 91' lang='lat' dir='ltr'><strong>suo</strong></span> <span class='ocrx_word' id='word_1_150' title='bbox 420 2446 590 2512; x_wconf 85' lang='lat' dir='ltr'><strong>involvunt.</strong></span> <span class='ocrx_word' id='word_1_151' title='bbox 633 2441 968 2529; x_wconf 82' lang='lat' dir='ltr'><strong>Praesidiumposthac</strong></span> <span class='ocrx_word' id='word_1_152' title='bbox 989 2449 1161 2529; x_wconf 82' lang='lat' dir='ltr'><strong>impositum</strong></span> <span class='ocrx_word' id='word_1_153' title='bbox 1185 2449 1290 2524; x_wconf 84' lang='lat' dir='ltr'><strong>vietis,</strong></span> 
     </span>
     <span class='ocr_line' id='line_1_21' title="bbox 257 2553 1346 2635; baseline 0.006 -24"><span class='ocrx_word' id='word_1_154' title='bbox 257 2553 406 2634; x_wconf 88' lang='lat' dir='ltr'><strong>excisique</strong></span> <span class='ocrx_word' id='word_1_155' title='bbox 435 2553 496 2616; x_wconf 91' lang='lat' dir='ltr'><strong>luci</strong></span> <span class='ocrx_word' id='word_1_156' title='bbox 530 2558 624 2616; x_wconf 83' lang='lat' dir='ltr'><strong>saevis</strong></span> <span class='ocrx_word' id='word_1_157' title='bbox 652 2557 917 2635; x_wconf 84' lang='lat' dir='ltr'><strong>superstitionibus</strong></span> <span class='ocrx_word' id='word_1_158' title='bbox 947 2559 1047 2618; x_wconf 81' lang='lat' dir='ltr'><strong>sacri:</strong></span> <span class='ocrx_word' id='word_1_159' title='bbox 1089 2577 1159 2626; x_wconf 73' lang='lat' dir='ltr'><strong>nam</strong></span> <span class='ocrx_word' id='word_1_160' title='bbox 1182 2571 1290 2616; x_wconf 83' lang='lat' dir='ltr'><strong>cruore</strong></span> <span class='ocrx_word' id='word_1_161' title='bbox 1307 2577 1346 2618; x_wconf 62' lang='grc' dir='ltr'><strong>πο</strong></span> 
     </span>
     <span class='ocr_line' id='line_1_22' title="bbox 258 2659 1291 2740; baseline 0.007 -23"><span class='ocrx_word' id='word_1_162' title='bbox 258 2659 379 2740; x_wconf 80' lang='lat' dir='ltr'><strong>captivo</strong></span> <span class='ocrx_word' id='word_1_163' title='bbox 404 2661 524 2723; x_wconf 81' lang='lat' dir='ltr'><strong>adolere</strong></span> <span class='ocrx_word' id='word_1_164' title='bbox 554 2667 622 2725; x_wconf 73' lang='lat' dir='ltr'><strong>a&#39;ras</strong></span> <span class='ocrx_word' id='word_1_165' title='bbox 642 2674 670 2723; x_wconf 93' lang='lat' dir='ltr'><strong>et</strong></span> <span class='ocrx_word' id='word_1_166' title='bbox 691 2663 848 2724; x_wconf 85' lang='lat' dir='ltr'><strong>homiuum</strong></span> <span class='ocrx_word' id='word_1_167' title='bbox 874 2665 956 2723; x_wconf 85' lang='lat' dir='ltr'><strong>fibris</strong></span> <span class='ocrx_word' id='word_1_168' title='bbox 974 2660 1130 2724; x_wconf 78' lang='lat' dir='ltr'><strong>consuierc</strong></span> <span class='ocrx_word' id='word_1_169' title='bbox 1150 2663 1223 2724; x_wconf 90' lang='lat' dir='ltr'><strong>deos</strong></span> <span class='ocrx_word' id='word_1_170' title='bbox 1246 2663 1291 2724; x_wconf 83' lang='lat' dir='ltr'><strong>fus</strong></span> 
     </span>
    </p>
   </div>
   <div class='ocr_carea' id='block_1_3' title="bbox 257 2769 713 2834">
    <p class='ocr_par' dir='ltr' id='par_1_5' title="bbox 257 2747 1431 2857">
     <span class='ocr_line' id='line_1_23' title="bbox 257 2769 713 2834; baseline 0 -4"><span class='ocrx_word' id='word_1_171' title='bbox 257 2769 418 2830; x_wconf 84' lang='lat' dir='ltr'><strong>habebant.</strong></span> <span class='ocrx_word' id='word_1_172' title='bbox 712 2831 713 2834; x_wconf 67' lang='grc'>,</span> 
     </span>
    </p>
   </div>
   <div class='ocr_carea' id='block_1_4' title="bbox 318 2877 1290 2960">
    <p class='ocr_par' dir='ltr' id='par_1_6' title="bbox 318 2877 1290 2960">
     <span class='ocr_line' id='line_1_24' title="bbox 318 2877 1290 2960; baseline 0 -22"><span class='ocrx_word' id='word_1_173' title='bbox 318 2877 402 2938; x_wconf 87' lang='lat' dir='ltr'><strong>Haec</strong></span> <span class='ocrx_word' id='word_1_174' title='bbox 416 2879 517 2960; x_wconf 80' lang='lat' dir='ltr'><strong>agenti</strong></span> <span class='ocrx_word' id='word_1_175' title='bbox 527 2878 833 2960; x_wconf 82' lang='lat' dir='ltr'><strong>Sueto&#39;niorepentina</strong></span> <span class='ocrx_word' id='word_1_176' title='bbox 850 2877 976 2939; x_wconf 81' lang='lat' dir='ltr'><strong>defectio</strong></span> <span class='ocrx_word' id='word_1_177' title='bbox 988 2877 1163 2958; x_wconf 76' lang='lat' dir='ltr'><strong>provinciae</strong></span> <span class='ocrx_word' id='word_1_178' title='bbox 1175 2879 1290 2938; x_wconf 82' lang='lat' dir='ltr'><strong>nuntia·</strong></span> 
     </span>
    </p>
   </div>
   <div class='ocr_carea' id='block_1_5' title="bbox 255 2971 1430 3182">
    <p class='ocr_par' dir='ltr' id='par_1_7' title="bbox 255 2971 1430 3182">
     <span class='ocr_line' id='line_1_25' title="bbox 257 2971 1430 3078; baseline 0.001 -31"><span class='ocrx_word' id='word_1_179' title='bbox 257 2995 319 3047; x_wconf 89' lang='lat' dir='ltr'><strong>tur.</strong></span> <span class='ocrx_word' id='word_1_180' title='bbox 350 2987 412 3046; x_wconf 87' lang='lat' dir='ltr'><strong>Rex</strong></span> <span class='ocrx_word' id='word_1_181' title='bbox 435 2991 592 3047; x_wconf 86' lang='lat' dir='ltr'><strong>Icenorum</strong></span> <span class='ocrx_word' id='word_1_182' title='bbox 615 2979 807 3067; x_wconf 77' lang='lat' dir='ltr'><strong>PrasutaguS,</strong></span> <span class='ocrx_word' id='word_1_183' title='bbox 819 2989 906 3068; x_wconf 84' lang='lat' dir='ltr'><strong>ionga</strong></span> <span class='ocrx_word' id='word_1_184' title='bbox 921 2987 1073 3068; x_wconf 81' lang='lat' dir='ltr'><strong>opulentia</strong></span> <span class='ocrx_word' id='word_1_185' title='bbox 1088 2985 1199 3060; x_wconf 82' lang='lat' dir='ltr'><strong>clarus,</strong></span> <span class='ocrx_word' id='word_1_186' title='bbox 1213 2971 1338 3050; x_wconf 63' lang='lat' dir='ltr'><strong>Cae-31</strong></span> <span class='ocrx_word' id='word_1_187' title='bbox 1429 2987 1430 3078; x_wconf 55' lang='lat' dir='ltr'><strong>q</strong></span> 
     </span>
     <span class='ocr_line' id='line_1_26' title="bbox 255 3075 1430 3182; baseline -0.004 -28"><span class='ocrx_word' id='word_1_188' title='bbox 255 3115 351 3154; x_wconf 84' lang='lat' dir='ltr'><strong>serem</strong></span> <span class='ocrx_word' id='word_1_189' title='bbox 383 3093 524 3154; x_wconf 86' lang='lat' dir='ltr'><strong>heredem</strong></span> <span class='ocrx_word' id='word_1_190' title='bbox 554 3093 688 3182; x_wconf 78' lang='lat' dir='ltr'><strong>duusque</strong></span> <span class='ocrx_word' id='word_1_191' title='bbox 709 3095 784 3155; x_wconf 82' lang='lat' dir='ltr'><strong>filias</strong></span> <span class='ocrx_word' id='word_1_192' title='bbox 806 3096 984 3174; x_wconf 74' lang='lat' dir='ltr'><strong>scripserat,</strong></span> <span class='ocrx_word' id='word_1_193' title='bbox 1006 3091 1059 3153; x_wconf 86' lang='lat' dir='ltr'><strong>tuli</strong></span> <span class='ocrx_word' id='word_1_194' title='bbox 1083 3094 1226 3173; x_wconf 78' lang='lat' dir='ltr'><strong>obsequio</strong></span> <span class='ocrx_word' id='word_1_195' title='bbox 1241 3111 1290 3150; x_wconf 84' lang='lat' dir='ltr'><strong>ru·</strong></span> <span class='ocrx_word' id='word_1_196' title='bbox 1308 3075 1345 3135; x_wconf 81' lang='lat'><strong>²5</strong></span> <span class='ocrx_word' id='word_1_197' title='bbox 1429 3079 1430 3100; x_wconf 51' lang='lat'>¹</span> 
     </span>
    </p>
   </div>
   <div class='ocr_carea' id='block_1_6' title="bbox 220 3197 1291 3394">
    <p class='ocr_par' dir='ltr' id='par_1_8' title="bbox 220 3197 1291 3394">
     <span class='ocr_line' id='line_1_27' title="bbox 257 3197 1291 3284; baseline 0.002 -28"><span class='ocrx_word' id='word_1_198' title='bbox 257 3210 306 3260; x_wconf 86' lang='lat' dir='ltr'><strong>tus</strong></span> <span class='ocrx_word' id='word_1_199' title='bbox 326 3221 513 3282; x_wconf 85' lang='lat' dir='ltr'><strong>regnumque</strong></span> <span class='ocrx_word' id='word_1_200' title='bbox 533 3215 561 3262; x_wconf 90' lang='lat' dir='ltr'><strong>et</strong></span> <span class='ocrx_word' id='word_1_201' title='bbox 580 3203 704 3262; x_wconf 84' lang='lat' dir='ltr'><strong>domum</strong></span> <span class='ocrx_word' id='word_1_202' title='bbox 725 3208 809 3264; x_wconf 82' lang='lat' dir='ltr'><strong>s‘uam</strong></span> <span class='ocrx_word' id='word_1_203' title='bbox 831 3201 937 3284; x_wconf 86' lang='lat' dir='ltr'><strong>procul</strong></span> <span class='ocrx_word' id='word_1_204' title='bbox 960 3203 1068 3262; x_wconf 78' lang='lat' dir='ltr'><strong>iniuria</strong></span> <span class='ocrx_word' id='word_1_205' title='bbox 1091 3200 1170 3262; x_wconf 84' lang='lat' dir='ltr'><strong>fore.</strong></span> <span class='ocrx_word' id='word_1_206' title='bbox 1200 3197 1291 3276; x_wconf 88' lang='lat' dir='ltr'><strong>Quod</strong></span> 
     </span>
     <span class='ocr_line' id='line_1_28' title="bbox 220 3308 1291 3394; baseline -0.001 -27"><span class='ocrx_word' id='word_1_207' title='bbox 220 3363 222 3367; x_wconf 89' lang='lat'><em>.</em></span> <span class='ocrx_word' id='word_1_208' title='bbox 257 3313 482 3384; x_wconf 68' lang='lat' dir='ltr'><strong>contravenit,</strong></span> <span class='ocrx_word' id='word_1_209' title='bbox 505 3308 581 3372; x_wconf 81' lang='lat' dir='ltr'><strong>adeo</strong></span> <span class='ocrx_word' id='word_1_210' title='bbox 603 3315 636 3392; x_wconf 82' lang='lat' dir='ltr'><strong>ut</strong></span> <span class='ocrx_word' id='word_1_211' title='bbox 655 3333 782 3394; x_wconf 79' lang='lat' dir='ltr'><strong>regnum</strong></span> <span class='ocrx_word' id='word_1_212' title='bbox 805 3334 859 3393; x_wconf 86' lang='lat' dir='ltr'><strong>per</strong></span> <span class='ocrx_word' id='word_1_213' title='bbox 880 3314 1081 3386; x_wconf 89' lang='lat' dir='ltr'><strong>centuriones,</strong></span> <span class='ocrx_word' id='word_1_214' title='bbox 1112 3309 1219 3372; x_wconf 86' lang='lat' dir='ltr'><strong>domus</strong></span> <span class='ocrx_word' id='word_1_215' title='bbox 1234 3309 1291 3389; x_wconf 81' lang='lat' dir='ltr'><strong>pei·</strong></span> 
     </span>
    </p>
   </div>
   <div class='ocr_carea' id='block_1_7' title="bbox 273 3475 537 3488">
    <p class='ocr_par' dir='ltr' id='par_1_9' title="bbox 273 3475 537 3488">
     <span class='ocr_line' id='line_1_29' title="bbox 273 3475 537 3488; baseline 0 -2"><span class='ocrx_word' id='word_1_216' title='bbox 273 3475 537 3488; x_wconf 66' lang='lat' dir='ltr'><strong>-u—-u-a-——fl-</strong></span> 
     </span>
    </p>
   </div>
   <div class='ocr_carea' id='block_1_8' title="bbox 256 3573 1298 4027">
    <p class='ocr_par' dir='ltr' id='par_1_10' title="bbox 256 3573 1298 3930">
     <span class='ocr_line' id='line_1_30' title="bbox 294 3573 1298 3650; baseline 0.001 -19"><span class='ocrx_word' id='word_1_217' title='bbox 294 3617 296 3622; x_wconf 83' lang='lat'>·</span> <span class='ocrx_word' id='word_1_218' title='bbox 341 3593 366 3646; x_wconf 82' lang='lat'><strong>9.</strong></span> <span class='ocrx_word' id='word_1_219' title='bbox 384 3579 457 3631; x_wconf 68' lang='lat' dir='ltr'><strong>eane</strong></span> <span class='ocrx_word' id='word_1_220' title='bbox 475 3577 557 3632; x_wconf 80' lang='lat' dir='ltr'><strong>breve</strong></span> <span class='ocrx_word' id='word_1_221' title='bbox 578 3593 604 3633; x_wconf 82' lang='lat' dir='ltr'><strong>et</strong></span> <span class='ocrx_word' id='word_1_222' title='bbox 623 3581 755 3632; x_wconf 80' lang='lat' dir='ltr'><strong>incertum</strong></span> <span class='ocrx_word' id='word_1_223' title='bbox 764 3581 927 3646; x_wconf 73' lang='lat' dir='ltr'><strong>insolentius</strong></span> <span class='ocrx_word' id='word_1_224' title='bbox 948 3573 1049 3632; x_wconf 83' lang='lat' dir='ltr'><strong>dictum</strong></span> <span class='ocrx_word' id='word_1_225' title='bbox 1068 3587 1109 3632; x_wconf 77' lang='lat' dir='ltr'><strong>est</strong></span> <span class='ocrx_word' id='word_1_226' title='bbox 1127 3592 1175 3650; x_wconf 83' lang='lat' dir='ltr'><strong>pro</strong></span> <span class='ocrx_word' id='word_1_227' title='bbox 1192 3577 1298 3632; x_wconf 38' lang='lat' dir='ltr'><strong>breuia*</strong></span> 
     </span>
     <span class='ocr_line' id='line_1_31' title="bbox 256 3673 1286 3733; baseline 0.002 -11"><span class='ocrx_word' id='word_1_228' title='bbox 256 3684 282 3722; x_wconf 82' lang='lat' dir='ltr'><strong>ot</strong></span> <span class='ocrx_word' id='word_1_229' title='bbox 300 3673 416 3733; x_wconf 81' lang='lat' dir='ltr'><strong>ineerta,</strong></span> <span class='ocrx_word' id='word_1_230' title='bbox 434 3673 481 3724; x_wconf 76' lang='lat' dir='ltr'><strong>sed</strong></span> <span class='ocrx_word' id='word_1_231' title='bbox 500 3673 563 3726; x_wconf 88' lang='lat' dir='ltr'><strong>iude</strong></span> <span class='ocrx_word' id='word_1_232' title='bbox 580 3692 635 3726; x_wconf 88' lang='lat' dir='ltr'><strong>non</strong></span> <span class='ocrx_word' id='word_1_233' title='bbox 654 3690 793 3725; x_wconf 90' lang='lat' dir='ltr'><strong>movemur</strong></span> <span class='ocrx_word' id='word_1_234' title='bbox 808 3684 839 3726; x_wconf 89' lang='lat' dir='ltr'><strong>ut</strong></span> <span class='ocrx_word' id='word_1_235' title='bbox 858 3673 1026 3724; x_wconf 79' lang='lat' dir='ltr'><strong>menifestum</strong></span> <span class='ocrx_word' id='word_1_236' title='bbox 1045 3674 1184 3727; x_wconf 73' lang='lat' dir='ltr'><strong>cnutone</strong></span> <span class='ocrx_word' id='word_1_237' title='bbox 1203 3676 1286 3726; x_wconf 80' lang='lat' dir='ltr'><strong>inter-</strong></span> 
     </span>
     <span class='ocr_line' id='line_1_32' title="bbox 256 3767 1285 3834; baseline 0.005 -17"><span class='ocrx_word' id='word_1_238' title='bbox 256 3768 421 3834; x_wconf 77' lang='lat' dir='ltr'><strong>polationem</strong></span> <span class='ocrx_word' id='word_1_239' title='bbox 453 3767 535 3823; x_wconf 86' lang='lat' dir='ltr'><strong>breve</strong></span> <span class='ocrx_word' id='word_1_240' title='bbox 553 3771 631 3822; x_wconf 78' lang='lat' dir='ltr'><strong>liuns</strong></span> <span class='ocrx_word' id='word_1_241' title='bbox 648 3783 674 3822; x_wconf 75' lang='lat' dir='ltr'><strong>rt</strong></span> <span class='ocrx_word' id='word_1_242' title='bbox 702 3769 835 3822; x_wconf 82' lang='lat' dir='ltr'><strong>incertum</strong></span> <span class='ocrx_word' id='word_1_243' title='bbox 860 3770 955 3822; x_wconf 75' lang='lat' dir='ltr'><strong>&#39;Facito</strong></span> <span class='ocrx_word' id='word_1_244' title='bbox 982 3770 1129 3820; x_wconf 72' lang='lat' dir='ltr'><strong>doncnrusz</strong></span> <span class='ocrx_word' id='word_1_245' title='bbox 1167 3774 1190 3824; x_wconf 81' lang='lat' dir='ltr'><strong>is</strong></span> <span class='ocrx_word' id='word_1_246' title='bbox 1214 3773 1285 3824; x_wconf 82' lang='lat' dir='ltr'><strong>euim</strong></span> 
     </span>
     <span class='ocr_line' id='line_1_33' title="bbox 256 3861 1105 3930; baseline 0 -16"><span class='ocrx_word' id='word_1_247' title='bbox 256 3865 419 3916; x_wconf 73' lang='lat' dir='ltr'><strong>Graecorum</strong></span> <span class='ocrx_word' id='word_1_248' title='bbox 437 3863 541 3930; x_wconf 75' lang='grc' dir='ltr'><strong><em>βράχος</em></strong></span> <span class='ocrx_word' id='word_1_249' title='bbox 560 3863 656 3916; x_wconf 76' lang='lat' dir='ltr'><strong>Latine</strong></span> <span class='ocrx_word' id='word_1_250' title='bbox 679 3871 834 3915; x_wconf 80' lang='lat' dir='ltr'><strong>convertere</strong></span> <span class='ocrx_word' id='word_1_251' title='bbox 854 3861 960 3916; x_wconf 76' lang='lat' dir='ltr'><strong>ridetur</strong></span> <span class='ocrx_word' id='word_1_252' title='bbox 979 3863 1105 3916; x_wconf 81' lang='lat' dir='ltr'><strong>voluisse.</strong></span> 
     </span>
    </p>

    <p class='ocr_par' dir='ltr' id='par_1_11' title="bbox 330 3959 651 4027">
     <span class='ocr_line' id='line_1_34' title="bbox 330 3959 651 4027; baseline 0 -21"><span class='ocrx_word' id='word_1_253' title='bbox 330 3959 367 4012; x_wconf 70' lang='lat' dir='ltr'><strong>re.</strong></span> <span class='ocrx_word' id='word_1_254' title='bbox 389 3967 584 4027; x_wconf 78' lang='lat' dir='ltr'><strong>sternuumque</strong></span> <span class='ocrx_word' id='word_1_255' title='bbox 604 3959 651 4010; x_wconf 72' lang='lat' dir='ltr'><strong>un.</strong></span> 
     </span>
    </p>
   </div>
   <div class='ocr_carea' id='block_1_9' title="bbox 0 0 1454 4706">
    <p class='ocr_par' dir='ltr' id='par_1_12' title="bbox 0 0 1454 4706">
     <span class='ocr_line' id='line_1_35' title="bbox 0 0 1454 4706; baseline 0 3"><span class='ocrx_word' id='word_1_256' title='bbox 0 0 1454 4706; x_wconf 95' lang='lat' dir='ltr'><strong> </strong></span> 
     </span>
    </p>
   </div>
  </div>
 </body>
</html>
