2862 4730
368 205 556 238 .,=1

223 221 263 338 bb
583 294 585 298 ’
622 267 847 336 ,ΔΝΝΑΗΠΜ
928 298 933 320 1

74 463 99 531 (a
112 461 138 512 C.
156 442 217 538 it.)
306 454 536 540 Nequamulto
555 457 729 540 pantagati
751 481 768 520 a
794 459 917 542 Segeste
937 471 1091 530 venerunt
1113 452 1315 533 auxilium5'l

221 575 342 626 orantes
359 562 504 634 adversus
522 564 587 624 vim
607 549 854 646 populariumffa
877 567 946 650 quis
967 567 1261 642 circumsedebatur,

127 693 132 700 ’
221 671 372 733 validiore
399 669 481 752 apud
512 692 562 732 eos
592 671 748 748 Arminio,
786 672 909 755 quando
934 671 1061 736 bellum
1094 675 1259 736 suadebat:

112 835 118 861 ·.
222 800 293 840 nam
314 779 463 856 barbaris,
485 791 602 860 quanto
622 781 690 862 quis
710 781 836 843 audacia
860 779 1036 866 promptus,
1064 792 1151 844 tanto
1169 783 1263 865 magis

221 885 300 946 fidus
321 883 476 966 rebusque
502 888 590 947 motis
615 889 719 968 potior
749 889 891 950 babetur.
934 889 1103 950 Addiderat
1126 889 1296 974 Segestes5

222 991 327 1074 legatis
354 980 451 1052 filiil'm
476 994 601 1054 nomine
619 995 857 1076 Segimundum
886 996 938 1056 sed
967 997 1083 1058 iuvenis
1107 1001 1262 1060 conscien-

221 1104 264 1164 tia
295 1103 510 1164 cunctabatur.
554 1105 674 1186 Quippe
707 1125 789 1166 anno
819 1125 880 1188 quo
902 1085 1084 1167 Germaniae
1110 1106 1263 1168 descivere

220 1210 360 1273 sacerdos
380 1210 462 1292 apud
483 1230 568 1270 aram
586 1209 740 1304 Ubiorum
758 1223 877 1274 creatus
905 1222 1032 1294 ruperat
1055 1213 1162 1288 vittas,
1189 1231 1262 1294 pro·

223 1320 311 1402 fugus
340 1318 379 1380 ad
408 1317 543 1378 rebelles.
586 1317 747 1380 Adductus
781 1331 883 1380 tamen
910 1321 942 1379 in
970 1339 1055 1402 spem
1083 1301 1263 1382 clementiae

220 1393 376 1490 Rdmanae
405 1407 535 1508 pertulit
564 1427 658 1508 patris
688 1428 851 1508 mandata,
883 1402 1078 1511 benigneque
1104 1437 1262 1508 exceptus,
1278 1443 1312 1486 ιο

220 1527 290 1596 cum
309 1533 460 1616 praesidio
485 1529 635 1594 Gallicam
664 1533 696 1594 in
716 1534 817 1617 ripam
838 1535 948 1596 missus
976 1542 1034 1594 est.
1079 1534 1263 1595 Germanico

206 1640 353 1731 pretium
372 1641 429 1702 fuit
450 1653 628 1709 conuertere
649 1663 779 1723 agmen,
811 1654 1041 1732 pugnatumque
1063 1642 1095 1703 in
1118 1621 1263 1704 obsiden-

220 1753 277 1827 tis,
304 1761 338 1814 et
372 1761 495 1834 ereptus
525 1751 667 1834 Segestes
699 1773 808 1834 magua
848 1773 920 1813 cum
952 1751 1199 1834 propinquorum
1234 1763 1265 1814 et

221 1857 378 1929 clientium
400 1868 503 1924 manu.
532 1861 657 1923 Inerant
678 1862 810 1924 feminae
830 1862 967 1940 nobiles3
996 1863 1076 1924 inter
1094 1883 1169 1945 quas
1188 1871 1265 1924 uxor

220 1972 356 2036 Arminii
384 1972 551 2054 eademque
578 1970 641 2032 iilia
661 1971 809 2056 Segestis,
844 1972 947 2032 mariti
974 1973 1067 2052 magis
1092 1993 1184 2052 quam
1206 1991 1258 2052 pa·
1277 1962 1314 2026 15

103 2157 110 2162 .
221 2083 315 2142 rentis
334 2082 453 2156 animo,
476 2059 574 2163 neque
591 2082 670 2142 victa
695 2081 727 2139 in
749 2077 890 2140 lacrimas
910 2099 1008 2160 neque
1030 2095 1105 2138 voce
1123 2077 1263 2160 supplex,

220 2189 396 2272 compressis
412 2187 493 2248 intra
516 2188 617 2249 sinum
639 2185 780 2250 manibus
805 2185 968 2269 gravidum
990 2195 1112 2246 uterum
1133 2189 1265 2254 intuens.

13 2281 14 2284 Ἴ
93 2343 96 2348 -
220 2295 418 2360 Ferebantur
450 2307 480 2356 et
504 2293 601 2377 spolia
627 2295 782 2356 Varianae
819 2293 932 2368 cladis,
970 2291 1124 2374 plerisque
1155 2271 1264 2355 eorum

147 2385 148 2389 Ἰ
221 2407 274 2488 qui
309 2414 375 2490 tum
402 2404 434 2464 in
462 2399 647 2464 deditionem
672 2401 837 2465 veniebant
867 2401 1000 2484 praedae
1032 2399 1115 2462 data.
1166 2387 1324 2468 Simul58

222 2511 360 2596 Segestes
391 2511 473 2594 ipse,
510 2510 614 2593 ingens
647 2511 714 2598 visu
747 2521 777 2570 et
805 2512 951 2570 memoria
985 2509 1085 2592 bonae
1110 2512 1261 2572 societatis
1274 2531 1315 2571 ao

223 2618 406 2704 impavidus.
448 2617 554 2681 Verba
577 2621 640 2680 eius
659 2622 691 2678 iu
711 2618 795 2679 bunc
817 2618 942 2679 modum
959 2616 1054 2682 fuera*
1090 2618 1191 2680 “iton
1214 2618 1265 2680 hie

224 2718 300 2792 milri
321 2729 436 2813 primus
456 2746 530 2812 erga
552 2725 701 2811 populum
728 2727 900 2788 Romanum
924 2725 995 2788 fidei
1020 2735 1051 2788 et
1076 2729 1265 2790 constantiae

224 2838 299 2903 dies.
340 2831 386 2899 Ex
412 2859 474 2920 quo
498 2859 516 2898 a
542 2837 613 2896 diro
639 2833 778 2916 Augusto
799 2835 920 2897 civitate
942 2836 1070 2910 donatus
1092 2858 1173 2926 sum,
1190 2837 1266 2896 ami·

225 2959 278 3006 eos
298 2942 496 3025 inimicosque
524 2964 559 3003 ex
584 2943 690 3004 vestris
709 2941 889 3004 utilitatibus
915 2944 1032 3026 delegi,
1063 2965 1165 3028 neque
1190 2943 1264 3004 odio

227 3050 342 3134 patriae
366 3051 489 3134 (quippe
506 3031 675 3132 proditores
698 3052 790 3113 etiam
814 3055 848 3114 iis
868 3073 944 3134 quos
966 3064 1163 3136 anteponunt.
1173 3051 1264 3114 invisi
1276 3041 1315 3106 25

230 3157 329 3237 sant),
353 3177 461 3220 verum
481 3144 554 3240 ¹quia
572 3158 716 3218 Romanis
735 3158 956 3240 Germanisque
978 3159 1059 3220 idem
1081 3157 1265 3238 conducere,

145 3305 147 3310 2
230 3273 261 3325 et
283 3281 388 3345 pacem
413 3284 504 3346 quam
527 3261 644 3324 bellum
670 3263 847 3346 probabam.
890 3264 972 3348 Ergo
1003 3273 1157 3348 raptorem
1187 3265 1267 3326 filiae

232 3391 336 3450 meae,
358 3370 537 3432 violatorem
555 3370 687 3433 ¹foederis
711 3375 825 3450 vestri,
854 3373 1026 3434 Arminium
1053 3373 1135 3454 apud
1148 3374 1266 3436 Varum

232 3477 368 3560 quitum
390 3479 535 3543 exercitui
561 3478 753 3572 praesidebat
781 3499 870 3540 reum
905 3481 975 3552 feci.
1019 3481 1139 3544 Dilatus
1168 3484 1269 3566 segni·
1416 3477 1417 3502 ¹

237 3629 505 3646 mm

320 3728 345 3780 3.
366 3722 489 3800 quando]
507 3706 566 3799 {ilo
585 3725 622 3791 M,
869 3785 876 3802 Ι
962 3783 965 3790 ,

290 3841 293 3850 ·
325 3824 349 3874 5.
370 3822 449 3876 rebus
469 3825 608 3875 commotis
628 3821 672 3883 M3
691 3817 845 3874 emendavit
867 3819 984 3892 Llpsiur.

199 3983 202 3988 .
309 3917 349 3972 25.
373 3918 499 3972 invisam
519 3917 563 3972 M:
582 3917 667 3970 invisi
687 3927 752 3968 sunt
769 3917 830 3968 Mn.
