2862 4726
451 336 524 397 tte.
548 332 600 396 Vl.
645 333 736 396 CAP.
758 341 874 404 8-10.
1116 333 1177 404 243
1208 291 1210 294 Ι

130 528 166 580 ut
187 527 377 600 accusatores
400 519 486 592 eius,
508 517 619 578 additis
641 537 720 598 quaa
736 527 808 578 ante
833 515 1050 600 deliquerunt,
1074 515 1178 578 exsilio
1189 519 1217 592 (s
1234 519 1326 590 Cor.)

100 641 101 644 ’
133 635 186 685 aut
208 635 307 684 morte
329 621 547 684 multarentur.
940 606 944 616 ¹
1159 691 1163 705 ὓ

216 731 347 792 Secutae
366 722 483 791 'dehinc
503 729 621 791 Tiberii
653 714 773 790 litterae
803 732 835 790 in
867 729 991 790 Sextum
1016 725 1178 790 Vestilium
1387 757 1395 790 ι

90 837 93 842 ’
131 839 339 920 praetorium,
379 857 470 919 quem
498 839 598 897 Druso
635 833 721 896 fratri
757 856 920 917 percarum
952 837 984 894 in
1020 833 1179 896 cohortem
1329 813 1332 820 ι

100 960 219 1026 5snam
240 941 444 1005 transtulerat.
467 942 565 1004 Causa
584 941 759 1004 offensionis
774 941 903 1003 Vestilio
926 941 996 1014 suit,
1020 961 1073 1002 seu
1094 963 1176 1004 cnm·

133 1061 277 1136 posuerat
297 1049 446 1132 quaedam
468 1052 501 1110 in
523 1051 634 1109 Gaium
657 1049 816 1110 Caesarem
834 1061 869 1110 ut
890 1050 1094 1130 impudicum,
1114 1055 1178 1114 sive

133 1159 207 1220 ficto
230 1147 336 1220 habita
356 1157 442 1219 fides.
485 1159 586 1240 Atque
607 1156 648 1218 ob
668 1157 700 1216 id
717 1157 860 1218 convictu
876 1157 1024 1240 principis
1045 1157 1179 1240 prohibi·
1263 1185 1270 1198 ¹

134 1276 203 1343 tus,
228 1287 298 1326 cum
322 1264 411 1326 senili
432 1285 526 1324 manu
539 1263 658 1324 ferrum
677 1266 875 1343 tentavisset,
900 1265 1049 1347 obligavit
1071 1282 1178 1342 venas3

130 1377 334 1451 precatusque
359 1389 414 1450 per
435 1367 607 1444 codicillos,
628 1368 737 1427 immiti
768 1369 935 1450 rescripto,
963 1389 1056 1430 venas
1082 1368 1179 1430 resol·
1245 1381 1249 1386 “

83 1477 189 1540 revit.
239 1475 419 1536 Aceruntim
451 1469 488 1534 ex
510 1495 546 1534 eo
580 1473 698 1534 Annius
725 1473 842 1548 Pollio,
885 1473 1005 1554 Appius
1038 1474 1177 1552 Silanus,

134 1580 251 1642 Scauro
272 1583 426 1642 Mamerco
446 1581 536 1640 simul
557 1601 592 1640 ac
623 1577 737 1642 Sabino
760 1579 909 1656 Calvisio,
940 1579 1104 1640 maiestatis
1124 1601 1180 1660 po·

133 1689 308 1768 stulantur,
335 1699 365 1749 et
384 1687 567 1748 Vinicianus
586 1687 718 1748 Pollioni
736 1691 820 1768 patri
845 1686 1066 1761 adficiebatur,
1102 1685 1180 1748 clari

132 1820 253 1880 genus,
274 1807 304 1857 et
327 1795 452 1878 quidam
473 1797 599 1854 summis
627 1793 806 1858 honoribus.
857 1796 1179 1877 Contremuerantquc
1262 1857 1266 1864 ,

46 1935 48 1940 ·
131 1915 236 1985 patres
273 1905 356 1982 (nam
374 1914 487 1984 quotus
517 1905 646 1984 quisque
679 1901 917 1964 affinitatis'aut
949 1901 1098 1962 amicitiae
1134 1911 1180 1962 tot

30 2063 33 2077 ,
74 2021 112 2083 15
131 2006 458 2070 illustrium-virorum
479 2029 583 2089 expers
606 2011 706 2092 erat),
728 2001 761 2070 ni
781 2009 886 2070 Celsus
908 2009 1044 2069 urbanae
1068 2009 1181 2070 cohor·

131 2117 173 2178 tis
197 2117 360 2188 tribunus,
384 2127 452 2176 tum
474 2117 555 2176 inter
575 2117 703 2196 indices,
727 2119 864 2200 Appium
888 2129 917 2178 et
939 2117 1106 2180 Calvisium
1123 2117 1194 2181 dis-c

132 2223 257 2284 crimini
282 2211 446 2284 exemisset.
489 2223 601 2284 Caesar
613 2224 760 2286 Pollionis
779 2247 814 2286 ac
836 2225 989 2288 Viniciani
1010 2227 1180 2310 Scaurique

133 2349 257 2390 causam
269 2374 278 2407 ‚
303 2338 340 2388 ut
362 2316 426 2410 ipse
448 2349 519 2388 eum
538 2339 648 2390 senatu
670 2342 823 2412 nosceret,
849 2334 986 2412 distulit,
1012 2335 1090 2396 datis
1108 2334 1181 2417 qni-

78 2435 262 2529 10busdam
283 2437 314 2496 in
335 2436 485 2496 Scaurum
506 2436 662 2506 tristibusx
679 2441 770 2502 notis.
819 2441 878 2504 Ne‘
896 2444 1028 2505 feminae
1056 2444 1181 2526 quidem

75 2573 113 2614 ιο
135 2553 271 2606 exsortes
291 2541 434 2624 periculi.
478 2543 549 2621 Qua
568 2545 763 2625 occupandae
780 2550 827 2608 rei
846 2547 988 2630 publicae
1008 2551 1095 2632 argui
1116 2570 1180 2610 non
1257 2629 1261 2638 ι

130 2663 296 2736 poterant,
319 2651 371 2712 ob.
388 2650 527 2712 lacrimas
564 2651 798 2728 incusabantnr;
828 2667 996 2738 necataque
1027 2668 1072 2717 est
1103 2677 1180 2718 anus

131 2759 229 2836 Vitia,
252 2757 332 2816 Fufii
355 2757 477 2818 Gemini
499 2766 610 2835 mater,
633 2759 715 2839 quod
729 2757 783 2820 filii
805 2753 911 2822 necem
928 2761 1067 2848 sseyisset.
1095 2764 1180 2826 Haec

132 2863 220 2948 apud
234 2873 384 2926 senatum.
428 2863 492 2924 Nec
513 2886 598 2925 secus
622 2867 701 2948 apud
720 2868 892 2950 principem
909 2869 1107 2953 Vescularius
1129 2866 1181 2932 At}

112 2975 214 3036 ¹ticus
233 2993 269 3032 ac
288 2963 384 3031 lulius
407 2973 545 3046 Marinus
566 2972 605 3032 ad
632 2985 764 3036 mortem
785 2987 938 3063 aguntur,
968 3000 986 3040 e
1013 2981 1181 3042 vetustissi-
1212 3025 1214 3030 -

77 3093 116 3158 25
133 3083 193 3144 mis
215 3079 432 3158 familiarium,
452 3081 599 3142 Rhodum
619 3086 714 3146 secuti
734 3094 766 3146 et
787 3087 870 3168 apud
900 3089 1034 3171 Capreas
1064 3091 1180 3150 indivi..

134 3192 214 3270 dui,
246 3189 444 3252 Vescularius
469 3191 661 3264 ,insidiarum
693 3194 726 3254 in
760 3195 910 3260 Libonem
951 3201 1178 3260 internuntius:

133 3299 260 3360 Marino
290 3299 438 3382 participe
471 3301 597 3361 Seianus
638 3301 779 3364 Curtium
812 3304 950 3366 Atticum
977 3318 1179 3391 oppresserat.

134 3407 210 3486 Quo
231 3403 340 3468 laetius
360 3417 523 3490 acceptum
535 3429 588 3469 sue
601 3411 736 3492 exempla
758 3409 789 3472 in
802 3412 992 3476 consultores
1012 3416 1180 3479 reccidisse.

146 3585 376 3602 m

86 3654 99 3710 i

213 3703 253 3756 17.
273 3689 417 3741 viciniam'
437 3689 474 3742 M.
491 3731 496 3746 .

212 3799 257 3836 aa.
275 3782 360 3854 Fufii]
372 3785 454 3854 flagei
472 3787 510 3842 M.

210 3879 252 3930 25.
263 3879 444 3949 familiarum
462 3880 502 3931 M.

210 3975 252 4028 28.
272 3969 432 4043 reccidisse]
447 3972 576 4027 recidisse
596 3974 685 4044 vulgo.
706 3975 737 4030 In
750 3963 875 4031 Medicco
897 3979 1036 4048 duplicem
1056 3980 1177 4034 litteram
