2826 4730
380 310 384 320 ’
424 281 427 292 ⁸
486 329 568 390 arn.
591 329 628 395 u.
661 329 758 394 ,can
785 328 920 397 stt-38.
1130 386 1133 398 ,
1173 329 1212 394 93

176 535 231 576 uec
250 500 328 576 'milri
350 514 460 595 pudori
486 535 540 574 uec
564 515 705 594 cuiquam
726 517 811 575 oneri
834 514 942 578 forent.
985 513 1085 575 Iussus
1100 514 1138 574 ab
1158 516 1214 574 im·
1227 523 1253 594 (a
1268 522 1295 574 C.
1306 525 1355 590 16.)

175 635 312 704 peratore
343 643 467 682 uxorem
489 623 573 682 duxi.
625 625 674 684 Eu
702 625 848 704 stirpset
876 625 1046 706 progenies
1067 633 1114 682 tot
1140 645 1216 688 con·

117 775 118 780 η
174 729 297 810 sulum,
319 743 365 792 tot
385 732 578 794 dictatorum.
619 735 679 794 Nec
699 733 736 794 ad
757 732 905 796 invidiam
926 735 1019 812 ista„
1038 731 1089 792 sed
1112 733 1214 794 eonci-

174 839 293 900 liandae
315 840 540 902 misericordiae
561 840 671 902 refero.
698 843 910 923 Assequentur
930 841 1060 919 florente
1075 849 1121 918 tte,
1140 841 1215 902 Cae·

148 941 233 1022 5sar‚
266 970 342 1030 quos
362 948 481 1010 dederis
507 949 660 1010 honores:
686 949 810 1010 interim
833 949 942 1028 Quinti
962 947 1121 1010 Hortensii
1143 969 1214 1030 pro-

113 1041 311 1138 38uepotcs‚
340 1027 403 1119 divi
423 1059 557 1142 Augusti
590 1055 731 1118 alumnos
762 1057 801 1118 ab
821 1057 923 1138 inopia
956 1052 1120 1122 defende.”
1162 1057 1214 1118 lu·

170 1163 295 1223 clinatio
318 1176 438 1226 senatus
464 1165 696 1224 incitamentum
718 1161 843 1240 Tiberio
862 1162 937 1242 fuit,
958 1185 1021 1246 qno
1044 1166 1215 1246 promptius

172 1268 393 1348 adversaretur,
412 1271 458 1331 his
476 1271 571 1330 ferme
592 1270 694 1330 verbis
715 1291 797 1330 usus.
845 1263 915 1346 „ss
932 1282 1079 1352 qnantum
1100 1295 1214 1368 paupe·

39 1369 45 1441 l
172 1397 241 1438 rum
261 1389 306 1438 est
324 1379 433 1450 ,venire
456 1377 516 1454 huc
545 1387 575 1436 et
596 1376 701 1437 liberis
725 1377 789 1437 suis
810 1386 914 1458 petere
935 1379 1081 1460 pecunias
1104 1401 1214 1461 coepe.-
1243 1443 1245 1452 ,

112 1485 243 1559 norint,
265 1483 377 1565 singuli
398 1503 555 1564 nunquam
575 1481 830 1560 exsatiabuntur‚
870 1501 918 1544 res
936 1483 1060 1572 publica
1073 1487 1210 1570 deliciet.

171 1591 234 1652 Nec
255 1614 329 1653 sane
351 1593 461 1669 ideo‘a
485 1592 653 1652 maioribus
676 1612 853 1654 concessum
880 1604 926 1654 est
947 1593 1051 1676 egredi
1072 1595 1214 1680 aliquan.-

170 1701 210 1762 do
235 1701 414 1762 relationem
427 1685 478 1778 et,
497 1701 582 1783 quod
603 1704 634 1762 in
660 1721 821 1763 commune
843 1701 1018 1784 conducat,
1055 1703 1123 1764 loco
1142 1723 1214 1767 sen·
1242 1716 1244 1722 ’

169 1811 283 1870 tentiae
305 1811 468 1892 proferre,
506 1821 540 1870 ut
562 1809 683 1892 privata
710 1811 849 1892 negotia,
871 1831 936 1892 «res
965 1810 1128 1872 familiares
1154 1833 1214 1874 no·

168 1930 246 1980 strae
267 1919 317 1978 laic
337 1939 511 2000 augeamus,
538 1939 608 1978 curn
628 1915 744 1978 invidia
762 1929 884 2002 senatus
906 1929 936 2006 qt
950 1920 1145 2002 principum,
1170 1920 1213 1982 si·

125 2025 207 2090 rive
235 2027 415 2088 indulserint
436 2027 630 2110 largitionem
651 2027 715 2089 sive
736 2027 929 2108 abnuerint„
948 2029 1014 2090 Non
1037 2029 1117 2090 enim
1142 2049 1213 2111 pre·

167 2155 217 2194 ces
238 2143 309 2192 sunt
331 2133 408 2192 istuc
429 2132 483 2192 sed
503 2130 692 2214 efflagitatio,
714 2135 924 2214 intempestiva
952 2133 1077 2217 quidem
1099 2147 1129 2198 et
1153 2139 1212 2200 lm?

168 2245 301 2324 provisa,
327 2263 396 2301 cum
418 2239 485 2301 aliis
506 2240 544 2300 de
561 2242 653 2304 rebus
675 2243 873 2303 convenerint
893 2251 1016 2324 patres,
1045 2263 1210 2328 consurge·

170 2369 204 2409 re
227 2359 257 2408 et
279 2367 409 2408 numero
428 2355 523 2428 atque
545 2357 643 2408 aetate
665 2345 796 2408 liberum
813 2367 942 2408 suorum
968 2371 1081 2431 urgere
1102 2351 1210 2414 mode·
1232 2361 1235 2366 “

169 2457 257 2514 stiam
280 2463 411 2528 senatus,
434 2451 562 2512 eandem
585 2455 648 2514 vim
670 2454 702 2512 in
724 2451 772 2514 nie
792 2455 1024 2532 transmittere,
1057 2480 1098 2523 ae
1126 2434 1210 2522 velut

103 2547 158 2635 '20
168 2561 357 2643 perfringere
387 2563 566 2630 aerarium,
605 2558 688 2642 quod
719 2565 744 2620 si
772 2561 938 2626 ambitione
968 2543 1221 2643 exhauserimns,

82 2703 104 2724 w
166 2693 225 2754 per
245 2671 358 2731 seelera
381 2669 583 2752 supplendum
597 2673 669 2730 erit.
689 2663 783 2730 Dedit
793 2671 859 2746 tibi,
884 2671 1024 2758 Hortnle,
1044 2675 1208 2736 divusrlu·

165 2791 272 2862 gustus
293 2781 463 2861 pecuniam,
492 2779 543 2839 sed
570 2800 631 2838 non
657 2779 868 2860 compellatus,
892 2781 1208 2864 necealegeutsem-

166 2911 223 2971 per.
245 2889 380 2952 daretur.
420 2889 610 2968 Languescet
632 2886 743 2970 alioqui
764 2889 913 2950 industria
926 2912 944 2966 ,·
961 2889 1209 2967 intendeturso·

136 3037 141 3052 s
167 2995 289 3070 cordia.
306 2997 331 3054 si
354 2993 456 3054 nullus
476 3015 511 3062 ex
532 3015 564 3052 se
585 3003 681 3074 metus
693 3003 746 3054 aut
765 3015 843 3076 spes,
860 3007 889 3056 et
899 2999 995 3056 securi
1011 3017 1116 3060 omncs
1134 3001 1207 3062 alie-

116 3107 154 3168 25
166 3127 204 3166 na
224 3088 358 3166 subsidia
373 3102 602 3184 exspectabunt,
625 3099 682 3160 sibi
695 3101 810 3184 ignavi,
835 3101 922 3164 nobis
947 3105 1104 3186 gravesl'4
1123 3107 1207 3170 Haec
1298 3114 1300 3122 ’

90 3191 93 3199 ¹
165 3225 257 3295 atque
277 3209 369 3286 talia,
395 3229 570 3291 quanquam
591 3229 661 3268 cum
682 3229 804 3268 assensu
825 3209 929 3270 audita
951 3210 990 3270 ab
1011 3211 1067 3288 iis,
1096 3217 1206 3300 quibus
1266 3297 1268 3307 Α

164 3325 267 3388 omnia
280 3324 464 3403 principum,
492 3317 618 3378 honesta
630 3326 726 3396 atque.
738 3313 913 3394 inhonesta,
930 3316 1056 3380 laudare
1071 3342 1134 3382 mos
1148 3333 1205 3400 est,

163 3425 265 3509 plnres
286 3449 344 3508 per
366 3424 522 3486 silentium
544 3435 597 3484 aut
618 3421 770 3504 occultum
784 3443 933 3492 ‚murmur
953 3446 1106 3508 excepere.
1128 3429 1205 3490 Seu-

166 3591 453 3612 m

236 3687 275 3738 15.
295 3683 451 3737 obtinerunt
469 3682 504 3733 M.

237 3778 414 3843 16.tszurr1.
873 3839 875 3842 Ι
961 3843 962 3846 ¹

237 3893 277 3940 ¹9·
298 3875 462 3926 transmerei
479 3872 520 3922 M:
539 3871 724 3922 transmittere
745 3868 892 3940 Gryphiur.
920 3926 922 3931 ¹

232 3973 273 4022 28.
292 3984 418 4036 excipere
444 3965 479 4013 M:
500 3974 628 4030 excepere
650 3959 808 4012 Beroaldus.
