2900 4724
8 378 13 483 i

500 322 572 388 tm.
593 327 664 391 rur.
686 322 771 390 cnr.
791 335 916 436 7-2-12.¹
1023 321 1029 332 '
1052 427 1053 430 Ν
1148 335 1208 402 sus

188 500 336 577 Vononis,
361 482 503 586 nepotem
516 507 654 570 Phraatis
664 511 806 574 accedere
824 512 969 574 adversus
983 509 1218 576 dominationem
1231 506 1258 580 <ι
1273 502 1363 578 ΜΨ)

118 707 119 710 ¹
175 611 320 694 'Gotarzis
343 611 495 674 nobilitati
519 615 657 697 plebique
679 617 759 679 iuxta
788 618 1015 687 intolerandam.
1064 623 1127 682 lem
1150 623 1212 682 ira.

183 728 267 794 tres,
291 718 350 776 ium
372 723 579 802 propinquos,
605 725 663 806 inm
692 717 812 806 lougius
836 727 907 788 sitos
940 725 1082 788 caedibus
1103 727 1213 788 exhau-

185 833 265 896 stus,
288 824 375 884 adiici
395 829 538 908 coniuges
561 831 717 911 gravidas,
736 827 846 894 liberos
866 855 994 914 parvos,
1018 834 1092 895 dum
1113 853 1215 894 socors

149 925 286 1007 Sdomi,
307 929 393 993 bellis
413 935 561 998 infaustus
592 939 741 1019 ignaviam
770 941 897 1002 saevitia
928 949 1022 1022 tegat.
1074 940 1214 1000 Veterem

183 1035 239 1096 sibi
260 1057 296 1096 ac
317 1039 437 1118 publice
458 1054 594 1124 aoeptem
616 1045 773 1106 nobiseum
791 1041 974 1120 amicitiam,
1009 1053 1041 1106 et
1073 1047 1215 1108 subveni·¹

72 1178 74 1182 ,
184 1146 297 1206 endum
321 1153 407 1211 sociis
429 1153 540 1212 virium
564 1143 690 1216 aemulis
708 1137 947 1238 cedentibusque
965 1175 1020 1236 per
1048 1155 1220 1239 reverenti-¹

184 1231 244 1316 am..
275 1255 358 1322 ‚tdeo
381 1280 487 1341 regum
506 1259 625 1322 obsides
645 1261 755 1322 liberos
775 1262 854 1338 dari,
878 1273 924 1340 ut,
946 1262 970 1322 si
985 1260 1138 1327 domestici
1159 1262 1217 1322 im-

184 1367 259 1446 perii
279 1364 416 1443 taedeat,
449 1369 486 1426 sit
507 1385 661 1448 regressus
682 1365 721 1427 ad
742 1367 913 1447 principem
934 1376 1107 1449 patresque,
1141 1387 1218 1448 quo·

132 1471 256 1553 lirum
278 1471 415 1532 moribus
446 1473 629 1536 assuefactus
657 1496 709 1536 rex
738 1473 847 1536 melior
879 1471 1103 1534 adscisceretur.
1152 1473 1218 1534 Ubi

138 1575 140 1578 ’
186 1575 259 1638 liaeo
278 1588 368 1658 atque
388 1579 459 1642 talia
479 1580 702 1658 dissertavere,
724 1581 832 1662 incipit
860 1579 1029 1640 orationem
1049 1579 1162 1641 Caesar
1181 1581 1219 1640 de

183 1684 304 1767 fastigio
325 1664 463 1748 Romano
485 1687 730 1770 Parthorumque
743 1686 913 1768 obsequiis3
943 1707 1036 1768 seque
1058 1687 1134 1748 divo
1152 1688 1219 1749 Au-

148 1817 150 1822 *
184 1803 272 1874 gusto
292 1793 499 1876 adaequabat,
529 1799 658 1878 petitum
676 1797 715 1857 ab
744 1817 780 1858 eo
801 1813 901 1877 regem
927 1796 1088 1876 reserens,
1109 1797 1220 1857 omissa

182 1900 298 1960 Tiberii
316 1904 485 1982 memoria,
506 1925 678 1987 quenquam
701 1907 725 1964 is
754 1925 876 1986 quoque
910 1905 1043 1965 miserat.
1093 1902 1219 1966 Addidit

129 2008 342 2091 rdpraecepta
373 2013 499 2088 (etenim
531 2013 636 2072 aderat
672 2013 896 2090 Meherdates),
929 2022 964 2072 ut
995 2033 1056 2072 non
1081 2011 1220 2072 domina·
1252 2015 1255 2021 ’
1317 2047 1319 2057 r

183 2117 299 2178 tionem
318 2129 349 2178 et
371 2139 474 2180 servos
492 2118 545 2180 sed
566 2095 717 2180 rectorem
741 2129 772 2182 et
794 2121 874 2179 cives
896 2120 1064 2201 cogitaret,
1088 2117 1244 2180 clemen-'
1329 2191 1333 2200 „

183 2225 318 2304 tiamque
338 2245 373 2284 ac
394 2225 560 2301 iustitiam,
583 2237 696 2306 quanto
711 2227 816 2308 ignara
845 2225 1004 2305 barbaris,
1031 2238 1115 2288 tento
1143 2225 1219 2288 tole·
1269 2293 1271 2306 Ι

184 2334 297 2392 rstiora
318 2343 498 2412 capesseret·
542 2331 621 2392 Hinc
641 2353 747 2394 versus
768 2332 807 2421 ad
839 2333 953 2414 legatos
976 2333 1092 2397 extollit
1120 2332 1220 2394 laudi·

186 2441 243 2500 bus
266 2438 430 2498 alumnum·
445 2439 549 2516 urbis,
569 2451 718 2524 spectatae
740 2441 780 2500 ad
802 2438 834 2500 id
855 2440 1036 2519 modestiae,
1059 2461 1096 2502 ae
1118 2453 1219 2504 taurea

127 2547 309 2611 auferenda
338 2549 610 2630 regnm',ingenia,
641 2566 739 2630 nequa
770 2547 838 2608 usui
869 2550 993 2610 crebras
1027 2553 1219 2612 mutationes.
1261 2601 1263 2609 ,
1323 2567 1326 2585 ·

183 2659 260 2718 Rem
277 2635 451 2722 Romanam
468 2657 527 2717 huc
548 2657 687 2718 satietate
708 2656 823 2738 gloriae
849 2667 1039 2738 provectam,
1065 2669 1099 2718 ut
1121 2671 1224 2734 exter,

139 2767 141 2772 ’
184 2767 231 2826 nis
251 2785 372 2846 quoqne
394 2766 680 2849 gentibusquietem
700 2766 783 2826 velit.
823 2767 937 2826 Datum
958 2777 1028 2847 post
1048 2766 1124 2826 haec
1143 2770 1220 2828 Gaio

186 2875 308 2948 Cassio,
330 2878 381 2956 qui
407 2877 514 2936 Suriae
536 2885 695 2956 praeerat,
717 2874 867 2935 deducere
896 2875 1038 2936 iuvenem
1058 2855 1169 2956 ripam*⁸
1182 2877 1221 2937 ad

131 2975 357 3063 WEuphratis.
400 2985 446 3046 Ea
466 2995 643 3065 tempestate
656 2981 772 3043 Cassius
794 2992 911 3047 ceteros
932 2983 1146 3064 praeminebat
1164 3003 1221 3066 pe·
1253 3000 1257 3024 *

116 3076 168 3159 '25
187 3092 255 3154 sitia
276 3089 395 3170 legumr
418 3088 653 3152 nammilitares
673 3099 753 3149 artes
774 3091 942 3170 parotium
964 3089 1102 3171 ignotae,
1132 3091 1222 3152 indn-

185 3199 335 3280 striosque
356 3209 407 3260 aut
421 3200 552 3281 ignavos
572 3219 627 3279 pax
648 3199 677 3258 in
700 3219 799 3278 aequo
818 3209 913 3259 tenet.
937 3199 983 3259 Ac
1002 3208 1103 3260 tamen
1125 3221 1221 3280 quan·

186 3295 251 3366 turri
284 3326 349 3366 sme
369 3304 450 3366 hello
480 3304 630 3378 dabatur,
658 3323 801 3362 revocare
822 3303 954 3384 priscum
976 3325 1109 3380 morem,
1137 3325 1222 3364 exer·

115 3411 117 3416 ’
186 3416 279 3476 citare
307 3414 460 3495 legiones,
483 3433 557 3472 cura
586 3411 707 3491 provisu
731 3409 859 3491 perinde
892 3431 983 3491 agere
1017 3432 1053 3470 oc
1072 3411 1095 3470 si
1126 3409 1221 3472 hostis

188 3525 359 3604 ingrueret:
374 3525 415 3581 ita
432 3520 556 3602 dignum
572 3518 736 3600 maioribus
752 3519 812 3577 suis
828 3529 857 3577 et
872 3515 984 3576 familia
997 3517 1097 3578 Cassia
1112 3541 1165 3598 per
1184 3520 1220 3578 il-

130 3629 170 3688 uo
189 3629 232 3692 las
251 3649 372 3712 quoque
390 3639 492 3708 gentes
512 3628 673 3694 celebrata.
700 3627 798 3708 lgitur
821 3625 922 3690 excitis
940 3647 1072 3708 quorum
1095 3627 1132 3686 de
1153 3649 1221 3688 ser.-

197 3771 460 3788 ann-...uuam

265 3854 303 3904 16.
323 3852 477 3902 concitaret
496 3849 544 3908 tu,
565 3851 635 3901 idem
660 3866 721 3900 mox
742 3851 846 3918 ignaro.

261 3963 302 4014 ²9·
321 3945 383 3997 Post
401 3943 495 3997 Cnosia
516 3944 656 3998 lacunela
674 3942 723 3993 Ma.
742 3941 815 3994 idem
832 3959 858 4010 p.
880 3944 941 4012 204,
964 3961 982 3998 r.
996 3944 1110 4014 peritur.
