2900 4706
265 245 326 315 lto
374 273 382 286 ·
669 240 881 312 inultum

334 431 416 481 Gesta
435 428 500 480 baec
517 431 594 481 annis
613 430 695 498 paulo
724 431 838 499 amplius
856 429 962 494 tribus,
992 428 1060 480 Gaio
1090 427 1220 482 Memmio
1238 425 1293 480 naa

180 584 183 594 f
262 521 325 588 gulo
347 521 473 590 Verginio
496 525 585 580 Retio.
604 524 674 576 Gaio
697 525 814 576 Leconio
847 525 927 576 Basso
946 525 1036 576 Marco
1058 523 1167 578 Licinio=
1182 522 1290 588 Crasso,

263 615 358 666 Publio
376 614 444 668 Silio
465 617 552 668 Nerva
570 617 639 670 Galo
659 617 730 668 lulio
750 618 839 670 Attico
859 617 971 672 Vestino
989 617 1154 670 consulibus

845 761 852 772 ,
911 781 912 786 t

628 785 923 806 Α-ι--ι-ο-ιιι-ι--ὁ

114 982 140 1047 (a
155 980 183 1035 C.
197 932 389 1054 62.)lnterea
409 993 457 1032 rex
481 971 663 1034 Parthorum
692 963 853 1050 Vologeses
872 971 998 1050 cognitis
1031 967 1212 1028 Corbulonis
1237 989 1288 1052 re—

260 1081 317 1140 bus
356 1099 516 1162 regemque
549 1081 748 1164 alienigenam
775 1082 926 1161 Tigranen
969 1077 1131 1140 Armenias
1162 1075 1287 1154 imposi-

259 1198 346 1261 tum,
370 1186 459 1246 simul
488 1188 581 1246 Fratre
615 1185 754 1247 Tiridate
788 1185 872 1268 pulso
904 1196 1038 1287 quotum
1070 1181 1287 1243 Arsacidarum

259 1295 407 1374 fastigium
428 1296 471 1354 ire
499 1293 596 1352 ultum
617 1294 737 1370 volens,
766 1293 970 1375 magnitudine
999 1290 1286 1352 rursumliomana

259 1413 288 1459 et
307 1401 441 1460 continui
463 1401 594 1463 foederis
617 1404 783 1462 reverentia
805 1402 937 1462 diversas
955 1400 994 1460 ad
1024 1415 1112 1460 curas
1139 1395 1322 1460 traheba-5
1353 1476 1356 1484 ,

198 1576 200 1588 Ι
258 1518 328 1581 tur,
350 1505 507 1568 cunctator
530 1509 651 1592 ingenio
672 1519 702 1569 et
722 1509 889 1570 defectione
921 1509 1157 1590 Hyrcanorum,
1188 1505 1285 1586 gentis

257 1615 399 1690 validae,
423 1609 585 1698 multisque
603 1637 637 1676 ex
660 1637 696 1678 eo
716 1617 802 1677 bellis
820 1612 963 1698 illigatus.
1003 1617 1101 1696 Atque
1121 1611 1207 1672 illum
1219 1631 1284 1670 am·

257 1719 381 1804 biguum
405 1745 504 1792 novus
537 1725 660 1805 insuper
700 1727 824 1785 nuntius
857 1721 1060 1785 contumeliae
1088 1717 1280 1780 exstimulat:

257 1831 368 1911 quippe
385 1852 519 1912 egressus
540 1809 694 1892 Armenia
722 1831 868 1914 Tigranes
898 1831 1090 1906 Adiabenos,
1119 1826 1282 1886 contermi-

256 1957 327 1996 nam
355 1931 539 2014 nationem,
556 1937 644 1998 latius
666 1959 700 1998 ae
728 1939 841 1999 diutius
871 1959 960 2020 quam
978 1958 1033 2019 per
1054 1933 1209 1994 latrocinia
1228 1948 1281 1990 va·
1308 1943 1344 1986 to

255 2051 397 2116 manerat,
420 2041 510 2123 idque
521 2043 671 2122 primores
691 2045 826 2125 gentium
844 2063 934 2125 aegre
952 2039 1134 2118 tolerabant,
1155 2060 1190 2100 eo
1205 2057 1283 2098 con·

254 2147 427 2227 temptionis
455 2147 646 2222 descensum,
670 2161 704 2210 ut
726 2173 765 2209 ne
784 2149 861 2210 duce
881 2149 1003 2232 quidem
1023 2151 1159 2209 Romano
1179 2149 1285 2206 incur·

254 2264 414 2324 narentur,
440 2251 490 2313 sed
512 2258 681 2334 temeritate
701 2255 814 2314 obsidis
836 2267 880 2314 tot
903 2277 956 2336 per
976 2277 1071 2316 annos
1093 2253 1174 2315 inter
1196 2275 1286 2317 mane

254 2361 330 2442 eipia
355 2361 458 2422 habiti.
481 2359 672 2422 Accendebat
692 2357 831 2423 dolorem
851 2383 953 2424 eorum
966 2365 1170 2440 Monobazus,
1192 2383 1283 2443 quem

253 2489 342 2549 penes
365 2469 552 2530 Adiabenum
573 2473 725 2552 regimen,
747 2471 829 2553 quod
852 2473 1033 2553 praesidium
1053 2481 1105 2532 aut
1128 2470 1340 2552 undem-15
1431 2471 1432 2560 l

253 2587 328 2637 teret
349 2580 493 2660 rogitans.
525 2580 589 2638 lam
605 2579 642 2640 de
665 2581 809 2640 Armenia
836 2601 1028 2657 conoessum,
1057 2582 1193 2661 proxima
1216 2588 1280 2638 tra·

253 2683 296 2759 bi,
318 2695 348 2744 et
369 2686 425 2744 nisi
447 2684 611 2745 defendant
633 2685 753 2762 Parthi,
774 2684 869 2746 levius
890 2688 1043 2746 servitium
1064 2686 1145 2767 apud
1166 2687 1279 2745 Roma·
1431 2675 1432 2727 l

252 2811 307 2851 nos
329 2791 438 2854 deditis
461 2817 552 2875 qnam
569 2795 665 2874 captis
688 2815 760 2857 esse.
799 2794 947 2854 Tiridates
967 2787 1088 2875 quoque
1101 2795 1184 2874 regni
1206 2811 1279 2872 pro·

252 2900 340 2980 fugos
370 2919 422 2978 per
448 2898 601 2958 silentium
635 2908 689 2962 ant
720 2899 836 2960 modice
869 2898 1023 2980 querendo
1054 2901 1175 2980 gravior
1201 2907 1278 2956 erat.

251 3003 319 3063 Non
344 3007 421 3064 enim
444 3005 560 3083 ignavia
586 3025 690 3085 magna
712 3003 835 3086 imperia
863 2993 1030 3065 contineri:
1063 3008 1195 3065 virorum
1225 3023 1274 3063 ar·
1295 3027 1336 3067 ao

252 3095 429 3190 morumque
451 3107 619 3168 laciendum
644 3121 802 3174 certamen.
846 3111 879 3170 ld
902 3113 932 3170 in
946 3132 1061 3170 summa
1083 3107 1204 3171 fortuna
1224 3132 1276 3172 ae·

251 3198 339 3298 quius
359 3216 439 3296 quod
458 3214 594 3282 validius.
635 3217 675 3276 Et
696 3237 750 3276 sua
770 3221 900 3278 retinere
921 3223 1058 3300 privatae
1075 3217 1202 3292 domus,
1236 3217 1274 3278 de

251 3323 355 3384 alienis
377 3319 494 3382 certare
522 3323 636 3414 regiam
663 3321 782 3382 laudem
802 3347 875 3386 esse.
916 3326 1011 3406 Igitur
1035 3335 1201 3386 commotus
1227 3322 1301 3404 bis2

252 3431 410 3512 Vologeses
441 3429 600 3490 concilium
638 3443 747 3505 vocat,
772 3444 801 3510 et
831 3437 1001 3514 proximum
1030 3435 1085 3494 sibi
1116 3431 1272 3490 Tiridaten

189 3553 191 3564 ·
251 3537 425 3609 constituit,
447 3547 534 3614 atque
556 3535 596 3594 ita
618 3537 749 3595 orditur.
800 3537 914 3614 „Hunc
940 3561 993 3620 ego
1015 3539 1119 3600 eodem
1150 3558 1268 3598 meeum
1289 3541 1332 3605 25

253 3653 338 3721 patre
365 3643 519 3722 genitum,
555 3664 621 3702 cum
656 3643 728 3702 mihi
759 3665 815 3724 per
846 3657 972 3720 aetatem
1004 3667 1121 3706 summo
1149 3647 1273 3706 nornine
1311 3634 1322 3652 ’

251 3757 466 3824 concessisset,
488 3751 515 3804 in
538 3749 751 3825 possessionem
773 3752 930 3810 Armeniae
951 3751 1082 3832 derluxi,
1113 3753 1165 3833 qui
1194 3751 1273 3810 terti·

152 3865 154 3872 “
226 3848 285 3909 'us
315 3855 466 3932 potentiae
497 3853 605 3934 gradus
638 3854 787 3915 babetur:
818 3877 887 3916 nam
917 3860 1023 3922 Medos
1049 3863 1178 3926 Pacorus
1204 3871 1290 3948 aute,
