2900 4706
462 219 918 334 mumma
1138 261 1200 330 m

121 478 144 502 ·.
177 449 326 508 neminem
346 449 514 510 Romanum
538 447 710 510 Armeniam
732 447 956 530 ingressurum,
987 445 1084 506 donec
1106 431 1242 525 refersspi
1257 453 1347 526 stoa.)

177 541 286 615 rentur
307 553 426 624 litterae
446 555 592 631 Neronis,
614 574 652 614 an
672 553 738 635 paci
752 561 912 616 annueret.
931 551 1017 629 Quae
1032 561 1069 610 nt
1090 571 1203 630 augen—
1241 617 1242 625 χ

177 659 234 722 dae
251 663 391 723 infamiae
410 663 584 743 composita,
595 663 647 722 sic
664 659 785 742 reliqua
802 680 862 718 non
874 692 876 697 ·
888 658 919 718 in
939 659 1068 720 obscuro
1087 657 1205 718 haben·
1383 737 1387 757 x

115 805 116 808 =
176 777 246 844 tur,
266 769 405 831 unavdic·
429 769 625 850 quadraginta
656 768 771 828 milium
799 768 928 848 spatium
954 787 1107 828 emensum
1142 785 1204 826 esse
1270 813 1277 824 .
1356 756 1360 764 ’
1441 767 1442 830 ἶ

139 873 327 955 5Paetum‚
350 878 477 940 desertis
501 879 610 960 passim
633 873 763 951 sauciis,
788 895 885 958 neque
909 875 1010 934 minus
1035 871 1205 962 deformem,
1390 862 1392 870 ¹
1441 859 1442 870 ¹

176 981 259 1044 illam
292 983 471 1068 fngientium
500 983 760 1068 trepidationem,
798 1005 889 1066 quarn
923 983 948 1042 si
979 991 1062 1063 terga
1085 981 1117 1040 in
1139 980 1204 1040 acie

175 1092 343 1152 vertissent.
386 1089 519 1152 Corbulo
537 1113 606 1152 cum
626 1093 687 1153 suis
715 1091 809 1175 copiis
839 1089 918 1172 apud
943 1091 1040 1172 ripam
1061 1087 1203 1169 Euphra·

175 1197 215 1257 tis
234 1195 340 1258 obvius
365 1217 427 1258 non
449 1217 516 1260 eam
539 1199 669 1281 speciem
691 1199 859 1282 insignium.
877 1209 906 1257 et
935 1217 1094 1258 armorum
1117 1215 1205 1276 prae-

177 1303 248 1366 tulit
267 1315 302 1366 ut
323 1304 527 1367 diversitatem
556 1307 766 1388 exprobraret.
806 1305 915 1366 Maesti
939 1301 1084 1387 manipuli
1112 1323 1147 1363 ac
1165 1302 1205 1363 vi·

115 1428 159 1470 vto
172 1427 243 1472 cem
264 1409 506 1472 commilitonum
535 1411 710 1472 miserantes
730 1431 769 1470 nc
791 1407 924 1470 lacrimis
945 1409 1068 1492 quidem
1089 1419 1206 1490 tempe-

176 1539 254 1579 rare.
297 1517 355 1578 Vix
384 1539 457 1600 prae
485 1515 556 1578 iletu
589 1507 736 1598 usurpata
775 1509 987 1578 consalutatio.
1029 1515 1206 1578 Decesserat

130 1660 132 1671 ·
176 1635 327 1684 certamen
349 1625 469 1684 virtutis
497 1633 527 1682 et
554 1623 680 1682 ambitio
710 1621 844 1703 gloriae,
881 1618 1014 1680 felicium
1044 1619 1206 1708 hominum

175 1730 308 1792 affectus:
329 1728 392 1792 sola
415 1729 616 1790 misericordia
638 1727 779 1808 valebat,
802 1739 832 1788 et
852 1725 935 1810 apud
957 1728 1087 1788 minores
1101 1730 1206 1810 magis.

121 1829 296 1916 17Ducum
318 1839 400 1898 inter
425 1858 457 1898 se
478 1835 578 1896 brevis
597 1808 696 1898 sermo
729 1842 851 1896 secutus
883 1845 936 1896 est.
978 1835 1045 1896 Hoc
1074 1853 1207 1916 conque-

121 1945 161 2010 ri
179 1957 266 2008 rente
287 1946 406 2006 irritum
428 1945 580 2022 laborem,
610 1945 744 2026 potuisse
772 1941 885 2005 bellam
915 1943 985 2026 fuga
1018 1923 1206 2004 Parthorum

137 2059 142 2067 “
177 2041 282 2132 liniri,
306 2051 359 2114 ille
377 2052 495 2132 integra
513 2053 635 2134 utrique
657 2061 765 2112 cuncta
788 2049 960 2133 respondit:
991 2059 1207 2112 converterent

177 2157 294 2242 aquilas
316 2169 345 2219 et
373 2159 467 2218 iuncti
489 2157 666 2218 invaderent
687 2157 860 2220 Armeniam
891 2157 1027 2218 abscessu
1052 2155 1207 2238 Vologesis

177 2263 372 2324 infirmatam.
416 2263 484 2323 Non
502 2283 536 2324 ea
560 2265 752 2345 imperatoris
772 2261 884 2324 hahere
901 2261 1042 2324 mandata
1060 2264 1204 2348 Corbulor

162 2369 310 2453 ··periculo
331 2367 483 2459 legiopum
505 2381 688 2460 commotum
709 2392 726 2432 e
744 2370 900 2453 provincia
921 2361 1082 2453 egressum.
1100 2373 1205 2452 Quan-
1267 2439 1268 2449 p

76 2455 80 2468 ¹
120 2515 159 2556 20
178 2476 218 2537 do
239 2478 270 2538 in
294 2477 412 2537 incerto
440 2476 611 2539 habeantur
631 2477 817 2547 Parthorum
844 2489 988 2550 conatus,
1018 2481 1138 2540 Suriam
1157 2502 1207 2540 re·

177 2581 355 2663 petiturum.
396 2583 445 2643 Sic
464 2605 586 2666 quoque
607 2564 752 2664 optimam
789 2585 943 2644 fortunam
974 2586 1141 2659 orandam,
1174 2598 1207 2648 ut

179 2687 273 2768 pedes
292 2687 445 2749 coniectus
460 2692 564 2772 spatiis
595 2693 738 2754 itinerum
760 2690 888 2752 alacrem
911 2703 940 2752 et
962 2691 1102 2752 facilitate
1124 2715 1206 2754 cam-

103 2855 105 2860 ,
169 2813 289 2874 ‚porum
309 2797 559 2876 praevenientem
583 2798 716 2877 equitem
742 2809 958 2878 assequeretur.
998 2800 1076 2860 Exin
1096 2801 1208 2862 Paetus

179 2922 236 2983 per
249 2901 468 2984 Cappadociam
489 2903 672 2966 hibernavit.
715 2905 755 2964 At
772 2896 926 2986 Vologesis
944 2904 983 2965 ad
1002 2890 1206 2985 Corbulonem

123 3035 162 3099 ²5
180 3010 261 3069 missi
282 2987 405 3088 nuntii,
426 3009 737 3085 detraheretcastella
757 3022 841 3073 trans
856 3011 1049 3094 Euphraten,
1073 3035 1207 3080 amnem·
1296 3007 1297 3012 ἵ

135 3141 138 3148 ’
181 3137 240 3198 que
273 3125 307 3176 ut
331 3114 403 3176 olim
430 3116 566 3178 medium
587 3117 720 3193 faceret.¹
750 3117 805 3180 llle
826 3109 999 3181 Armeniam
1018 3145 1140 3208 quoque
1159 3127 1208 3186 di.
1239 3203 1241 3208 ,

182 3227 276 3286 versis
304 3225 461 3306 praesidiis
482 3246 608 3288 vacuam
627 3228 693 3288 fieri
722 3231 938 3311 expostulabat.
988 3231 1028 3292 Et
1057 3244 1207 3316 postremo

135 3371 138 3376 -
182 3335 327 3394 concessit
350 3355 420 3410 rex,
449 3333 610 3418 dirutaque
640 3357 717 3418 quae
744 3337 921 3418 Euphraten
961 3338 1041 3400 ultra
1071 3363 1207 3406 commn-

147 3433 156 3444 ”
183 3439 305 3500 niverat
333 3439 467 3507 Corbulo
480 3435 492 3517 ,⁷
526 3453 557 3502 et
591 3443 730 3536 Armenii
761 3446 825 3505 sine
854 3445 971 3509 arbitro
1001 3447 1096 3510 relicti
1123 3461 1206 3513 sunt.

187 3609 461 3627 Ἣ..-
503 3607 504 3610 ’

276 3725 296 3762 ι.
317 3710 474 3777 referentur
489 3713 584 3764 BGM't

258 3803 296 3869 rit
316 3815 498 3876 conquerente
522 3809 662 3860 Faernus:
682 3813 905 3882 conquerentium
924 3810 1035 3866 codices.

255 3898 296 3949 28.
315 3895 410 3952 diruta
427 3918 551 3971 quaeqae
570 3903 689 3965 codicem
711 3899 826 3958 correxit
844 3885 1012 3962 Puteolanus.
1096 3898 1099 3906 ⁸
1143 3891 1150 3907 ’
