2862 4726
253 349 317 424 214
574 380 577 394 ·
683 345 951 411 ANNltttUm
1040 393 1044 400 .

101 533 312 612 (ec-atlans
326 557 411 598 ruam
429 545 459 600 et
481 555 567 598 nasus
594 555 721 605 suornm
753 505 881 616 posteris
913 532 1101 593 memorarit.
1153 519 1345 604 Ceterum5l,
1403 541 1404 544 ’

254 646 382 708 Seianus
399 655 585 706 maerentem
599 653 631 704 et
647 641 851 725 improvidam
870 639 960 702 altius
979 637 1130 723 perculit,
1156 638 1295 699 immissis

249 754 303 837 qui
325 773 379 834 per
400 753 530 836 speeiem
554 751 705 815 amicitiae
727 759 889 814 monerent
909 761 1052 832 paratura
1076 749 1104 811 ri
1122 767 1274 808 venenum
1286 791 1296 822 ,

248 859 389 922 vitandas
407 863 503 921 soceri
524 859 642 942 epulas.
684 859 789 941 Atque
833 858 886 920 illa
917 858 1146 919 simulationum
1174 856 1296 930 nescia,

249 987 321 1028 eum
339 978 466 1050 propter
490 968 718 1042 discumberet,
750 989 812 1030 non
840 963 931 1029 'vultu
963 975 1017 1026 ant
1037 985 1175 1026 sermone
1194 961 1293 1038 ilenti,
1311 954 1359 1018 5

249 1071 351 1137 nullos
372 1075 519 1157 attingere
540 1076 642 1151 cibos,
667 1073 765 1136 donee
783 1075 919 1137 advertit
950 1075 1107 1158 Tiberius,
1141 1071 1219 1130 forte
1256 1091 1295 1134 an

250 1185 322 1267 quia
348 1183 520 1248 audiverat.
562 1182 662 1266 quue
683 1205 745 1266 quo
770 1185 894 1246 aerius
907 1203 996 1264 expet
999 1183 1113 1257 iretur,
1136 1199 1239 1262 poma,
1262 1185 1298 1236 ut
1403 1177 1404 1222 ἶ

252 1301 342 1353 erant
367 1294 525 1375 apposita,
556 1291 685 1356 laudans
716 1291 811 1352 nurui
839 1313 892 1354 sua
919 1313 1012 1356 manu
1037 1289 1176 1367 tradidit,
1197 1288 1299 1348 Aucta
1402 1263 1404 1342 l

252 1420 288 1462 er
305 1389 346 1462 ito
377 1403 508 1485 suspicio
540 1401 753 1486 Agrippinae,
781 1411 812 1462 et
831 1402 946 1462 intacta
969 1421 1023 1460 ore
1040 1401 1135 1460 seruis
1158 1395 1298 1460 tramisit.

250 1508 315 1574 Nec
336 1518 439 1573 tamen
457 1507 576 1582 Tiberii
596 1527 654 1571 vor
672 1530 778 1580 noram
799 1518 912 1584 secuta,
938 1507 991 1570 sed
1013 1505 1159 1568 obversus
1175 1503 1214 1562 ad
1235 1523 1299 1566 ma·
1320 1513 1351 1553 ¹⁰

251 1623 330 1676 trem
350 1635 412 1676 non
429 1617 544 1677 mirum
571 1617 635 1693 ait,
657 1615 683 1675 si
716 1613 794 1698 quid
818 1615 954 1678 severius
981 1616 1013 1674 in
1039 1635 1108 1682 eam
1128 1614 1299 1687 statuisset,

253 1742 272 1783 a
295 1743 357 1805 qua
379 1724 518 1786 veneiioii
542 1721 786 1784 insimularetur.
825 1721 904 1784 inde
917 1743 1023 1784 rumor
1043 1723 1142 1802 parari
1163 1719 1300 1794 exitium,

252 1848 351 1913 neque
376 1829 407 1893 id
435 1823 651 1914 imperatorem
686 1815 944 1913 palam'audere,
965 1841 1119 1898 secretum
1135 1827 1175 1890 ad
1197 1847 1302 1909 perpo-

235 1936 398 2000 'trandum
418 1941 536 2022 quaeri.

338 2045 399 2107 Sed
421 2047 534 2110 Caesar
554 2069 618 2129 quo
637 2047 750 2113 samam
772 2057 894 2110 aventes
896 2059 945 2122 ot,
967 2047 1072 2110 edesse
1095 2045 1233 2128 frequens
1253 2063 1301 2104 se·
1289 2037 1355 2120 -55

254 2151 357 2231 nutui,
381 2152 554 2236 legatosque
573 2157 661 2218 Asiae
678 2157 870 2237 ambigentes
888 2179 1021 2238 quartam
1038 2160 1068 2216 in
1084 2155 1205 2216 civitate
1221 2161 1303 2210 tem·

253 2259 339 2346 plum
360 2259 562 2341 statueretur,
587 2260 683 2344 pluris
705 2283 760 2342 per
782 2261 847 2322 dies
868 2262 998 2323 audivit.
1057 2259 1213 2322 Undecim
1247 2279 1305 2318 ur-

255 2367 311 2430 bes
341 2367 507 2440 eertabant*
526 2369 597 2452 pari
628 2369 815 2444 ambitione,
836 2371 972 2448 ¹viribus
1004 2369 1154 2434 diversae.
1199 2367 1305 2449 Neque
1402 2349 1403 2356 ἵ

256 2470 391 2538 multum
411 2472 554 2540 distantia
578 2477 711 2536 intense
736 2451 975 2556 memorabant,
1001 2477 1046 2540 ,de
1066 2486 1216 2536 vetustate
1248 2495 1304 2556 ge„

256 2582 363 2661 neris,
389 2580 492 2644 studio
513 2585 546 2644 in
575 2568 735 2668 populu⁶m¹
758 2583 930 2650 Romanum
952 2606 1009 2667 per
1043 2581 1241 2648 bella-Persi
1275 2594 1305 2645 et
1322 2605 1356 2648 no

348 2771 373 2828 8.
393 2789 460 2828 tuae
477 2773 525 2829 M:
542 2793 593 2830 ruo
613 2775 769 2831 Rhenanus.
852 2781 854 2786 ’

327 2884 371 2922 20.
388 2869 476 2943 Persi]
498 2843 705 2941 Diphthongnm
723 2858 762 2923 'ei‘
781 2870 895 2922 Romani
927 2869 1008 2938 plane
1036 2858 1111 2924 nt'i'
1135 2867 1303 2938 productum

256 2961 493 3032 pronuntiabant,
511 2980 542 3036 ae
559 2973 702 3034 propterea
721 2965 848 3036 Nigidius
876 2965 990 3033 Figulus
1009 2965 1187 3035 reprehendit
1206 2965 1304 3014 itoma-
1401 2975 1402 3006 t

256 3071 307 3107 tto·
324 3055 430 3110 duabus
441 3061 514 3112 notis
536 3059 608 3111 idem
621 3043 813 3130 exprimentes.
835 3059 939 3130 Nigidii
957 3061 1041 3114 verba
1062 3058 1129 3110 haec
1140 3067 1205 3109 sunt
1216 3059 1302 3129 (Geli.

257 3148 337 3212 x1x,
354 3153 415 3222 ¹i·)²
435 3155 554 3207 Graecos
568 3174 626 3208 non
637 3167 736 3208 tornae
750 3157 882 3211 inscitiae
894 3157 1074 3226 arceremque·
1094 3139 1223 3224 onemo
1238 3161 1267 3204 et
1284 3137 1306 3206 ἶ
1400 3221 1401 3230 ¹

258 3249 446 3318 seripserunt,
465 3263 588 3322 quantae
606 3255 656 3326 qni
675 3236 710 3308 εἶ
719 3271 753 3305 ex
772 3242 798 3304 ἶ
805 3266 832 3306 et
848 3240 875 3310 i:
893 3251 968 3310 illud
987 3254 1058 3304 erum
1069 3251 1165 3320 inopia
1168 3249 1305 3318 ficerunt
1400 3287 1401 3324 ι

258 3343 404 3409 (Graeci),
429 3343 481 3398 lter
509 3348 588 3400 niella
614 3365 644 3404 re
670 3350 779 3402 subacti
800 3349 921 3420 (Latini).
962 3351 1018 3400 lam
1042 3363 1106 3398 vero
1126 3361 1188 3396 curn
1228 3347 1305 3413 prius
1400 3343 1401 3414 l

258 3442 318 3488 tum
346 3439 437 3490 Taciti
461 3450 551 3493 aetate
578 3445 693 3513 genitivi
725 3444 889 3496 Graecorum
919 3442 1061 3496 nominum
1080 3422 1156 3492 inei
1176 3441 1305 3492 desinen-

252 3537 302 3582 ter
320 3539 415 3585 eontra
433 3536 568 3588 rationem
588 3544 616 3588 et
637 3555 713 3588 nsum
731 3538 873 3616 meliorem
897 3537 1011 3606 syllabis
1037 3535 1144 3588 duabus
1172 3537 1302 3588 extremis

258 3622 288 3674 in
307 3640 389 3676 unam
407 3631 508 3680 conctis
528 3635 610 3697 saepe
628 3629 855 3698 proferebantur,
879 3638 910 3680 nt
927 3629 1004 3684 Pelei
1023 3647 1073 3699 pro
1098 3633 1193 3697 Pelet,
1223 3632 1304 3686 Atrei

259 3734 310 3790 pro
328 3726 415 3776 Armi:
465 3723 495 3774 ld
516 3727 645 3776 docemur
664 3741 697 3776 ex
717 3724 893 3793 Quintiliano
912 3727 940 3788 l,
959 3727 991 3788 5,
1010 3728 1133 3794 ns—nl,
1152 3730 1229 3779 cuins
1242 3744 1307 3778 ver.

259 3811 296 3865 ba
315 3817 435 3886 explicui
454 3819 484 3869 in
504 3819 636 3875 Element.
657 3822 767 3896 gramm,
785 3821 875 3875 Latin.
904 3839 931 3890 p.
961 3824 1004 3882 51.
1025 3824 1067 3880 86,
1086 3826 1127 3891 87.
1184 3821 1224 3874 Ex
1251 3819 1305 3871 liae
1399 3797 1400 3804 ἵ

259 3911 402 3967 immutata
420 3915 646 3982 pronuntiatione
665 3913 751 3967 forma
770 3917 849 3969 Persi
867 3926 931 3971 unta
949 3926 1009 3990 est,
1031 3935 1102 3990 qnae
1123 3919 1175 3968 iam
1195 3915 1305 3966 inveni-

261 4015 306 4062 tur
325 4009 398 4079 apud
419 4007 578 4062 Sallustium
597 4011 634 4083 eti
643 4009 759 4065 Livium.
780 4011 821 4066 ct
834 4010 988 4066 Gronovius
1000 4012 1034 4064 nd
1046 4014 1102 4066 Liv.
1115 4011 1247 4076 mxli,
1262 4009 1304 4065 25,
