2900 4724
267 319 329 390 ssa
442 263 447 278 ’
596 281 599 292 ’
690 258 970 380 ruuuunu

122 493 395 580 (sedulianum
416 501 657 586 interpretando.
701 503 800 579 Quem
827 513 941 563 metum
963 502 1095 584 Graptus
1123 519 1156 562 er
1179 498 1298 564 libertis

268 611 420 686 Caesaris,
443 631 500 672 usu
520 621 549 670 et
567 621 685 674 senecta
704 608 829 669 Tiberio
858 609 992 692 abusque
1025 609 1147 672 domum
1180 609 1298 689 princi·

264 736 338 800 pum
358 711 503 792 edoctus,
536 715 589 775 tali
619 713 775 774 mendacio
803 715 942 774 intendit.
983 711 1068 776 Pons
1099 713 1232 777 Mulvius
1264 719 1296 780 in

266 847 303 886 eo
327 835 464 906 ternpore
492 823 617 884 celebris
647 824 801 882 nocturnis
823 821 969 882 illecebris
995 829 1080 902 erat,
1113 824 1296 884 ventitabat-

210 993 212 1014 ,
266 947 326 1012 quc
347 930 420 991 illuc
443 933 542 1008 Nero,
562 951 625 1012 quo
647 931 771 990 solutius
788 929 896 990 urbem
917 939 997 990 extra
1019 905 1178 990 lasciviret.
1201 932 1296 1014 Igitur
1320 923 1340 988 5

266 1017 448 1119 regredienti
476 1059 534 1120 per
558 1039 638 1098 viam
661 1035 842 1098 Flaminiam
868 1039 1046 1119 compositas
1068 1035 1190 1096 insidias
1218 1025 1296 1098 salo·

265 1165 325 1226 quc
345 1145 492 1222 evitatas,
514 1145 656 1226 quoniam
677 1144 796 1204 diverso
816 1144 923 1204 itinere
946 1141 1139 1205 Sallustianos
1167 1145 1197 1204 in
1220 1143 1296 1205 hor·

266 1259 313 1311 tos
329 1253 526 1329 remeaverit,
546 1263 763 1332 auctoremque
781 1252 844 1312 eius
863 1249 925 1311 doli
957 1249 1073 1312 Sullam
1108 1255 1293 1326 ementitur,

267 1361 338 1440 quia
361 1359 437 1418 forte
460 1358 655 1420 redeuntibus
676 1358 820 1418 ministris
841 1361 985 1441 principis
1014 1359 1138 1442 quidam
1169 1379 1226 1440 per
1246 1361 1295 1419 iu·

266 1466 395 1530 venilem
427 1465 600 1543 licentiam,
623 1487 701 1548 quae
722 1477 796 1525 tunc
817 1468 923 1547 passim
947 1467 1155 1544 exercebatur,
1177 1467 1297 1528 inanem
1321 1451 1356 1519 lo

265 1550 382 1638 metum
401 1575 544 1636 fecerant.
588 1575 693 1656 Neque
712 1595 868 1635 servorum
890 1575 1046 1658 quisquam
1074 1595 1173 1658 nequo
1200 1573 1295 1635 clien-

265 1684 342 1742 tium
364 1682 466 1742 Sullae
486 1681 626 1764 agnitus3
649 1684 835 1762 maximeque
856 1681 994 1764 despecta
1029 1691 1061 1744 et
1090 1680 1201 1743 nullius
1231 1683 1297 1745 ausi

266 1805 358 1870 capax
378 1801 489 1850 natura
523 1789 588 1849 eius
608 1810 625 1848 a
648 1789 773 1849 crimine
802 1787 1007 1849 abhorrebat:
1038 1789 1164 1869 perinde
1193 1785 1296 1851 tanuen

266 1895 350 1980 quasi
375 1894 531 1954 convictus
551 1903 648 1968 esset,
670 1892 778 1952 cedere
799 1894 896 1976 patria
916 1905 946 1976 et
966 1885 1197 1956 Massiliensium
1219 1917 1297 1958 moe·
1358 1943 1360 1947 ,

267 2005 357 2072 ssibus
379 2003 509 2073 coerceri
534 2001 664 2066 iubetur.
1320 2007 1354 2068 15

352 2110 449 2170 Isdem
485 2105 658 2167 consulibus
690 2106 811 2167 auditae
842 2106 1083 2169 Puteolanorum
1117 2101 1354 2192 legationes,d,8

267 2239 341 2302 quas
361 2218 496 2277 diversas
516 2215 591 2275 ordo
611 2213 815 2294 plebsque'ad
836 2225 973 2274 senatum
996 2217 1150 2294 miserant,
1173 2217 1218 2278 illi
1235 2221 1298 2288 vim

156 2322 181 2363 's
267 2323 482 2396 multitudinis,
504 2323 537 2382 hi
558 2319 786 2403 magistratuum
807 2333 836 2381 et
855 2323 947 2402 primi
965 2325 1109 2406 cuiusque
1138 2314 1306 2388 avaritiam
1426 2354 1427 2386 t

268 2429 467 2514 increpantes.
512 2432 650 2513 Cumque
670 2429 778 2490 seditio
804 2429 841 2490 ad
865 2451 955 2516 saxa,
983 2431 1021 2491 ad
1037 2433 1150 2512 ‚minas
1181 2435 1297 2518 ignium

238 2619 242 2630 .
268 2561 431 2624 progressa
452 2562 556 2600 necem
577 2550 607 2619 et
628 2560 711 2598 arura
732 2523 911 2620 proliceret,
944 2540 1036 2599 Gaius
1062 2539 1179 2601 Cassius
1206 2541 1294 2602 adhi..
1312 2571 1351 2612 20
1426 2537 1427 2592 l

164 2661 170 2672 '
267 2651 370 2714 hendo
392 2649 525 2708 remedio
545 2646 687 2710 delectus.
729 2637 809 2726 Quia
839 2649 1030 2707 severitatem
1062 2646 1125 2706 eius
1156 2669 1215 2708 non
1245 2661 1295 2710 to.
1426 2641 1427 2654 ¹

269 2759 417 2835 lerabant,
438 2769 587 2838 precante*
599 2760 664 2837 ipso
686 2756 725 2816 ad
746 2757 921 2817 Scribonios
941 2755 1050 2815 francs
1068 2775 1103 2816 ea
1116 2775 1189 2815 cura
1202 2766 1296 2818 trans·
1425 2753 1427 2842 4

269 2867 386 2942 fertur,
414 2863 483 2924 data
503 2865 625 2926 cohorte
647 2866 813 2945 praetoria,
836 2865 920 2924 cuius
943 2873 1061 2923 terrore
1082 2875 1297 2948 etpaucorum

271 2973 418 3056 supplicio
440 2971 530 3030 rediit
550 2970 707 3052 oppidanis
730 2971 905 3035 concordia.

239 3118 267 3167 υ·
354 3081 422 3140 Nou
452 3079 596 3139 referrem
623 3078 859 3158 vulgatissimum
878 3072 1001 3138 senatus
1022 3077 1213 3156 consultum,
1234 3077 1350 3165 qu049

272 3187 388 3248 civitati
408 3185 667 3268 Syracusanorum
688 3186 789 3266 egredi
811 3205 968 3246 numerum
991 3184 1115 3246 edendis
1145 3185 1294 3268 gladiato.

272 3298 357 3358 ribus
376 3271 495 3354 linitum
515 3293 764 3376 permittebatur,
796 3295 853 3353 ursi
886 3293 997 3354 Paetus
1027 3292 1161 3354 Thrasea
1189 3305 1308 3357 contra,

274 3461 516 3480 ....-.-,
728 3459 762 3506 ,ἡ

360 3571 383 3603 a.
403 3553 524 3626 abusque
557 3555 680 3626 Lipsius:
713 3574 765 3609 avo
796 3575 880 3629 usque
918 3555 1033 3609 codices.
1079 3558 1149 3611 Dela
1177 3560 1202 3616 5.
1229 3558 1298 3612 sote·-

223 3683 226 3690 ·
275 3649 329 3700 tius
348 3648 398 3698 Μ’.

363 3760 386 3812 7.
406 3744 573 3797 salustianos
590 3745 642 3800 Μῑ.

347 3853 385 3904 ¹9·
404 3837 532 3910 Cumque]
553 3854 640 3912 saque
665 3837 716 3894 Ma
760 3837 822 3892 llos
839 3839 986 3910 perliceret
1003 3842 1121 3896 codicesz
1148 3841 1298 3912 proliceret

277 3929 467 3999 berneggerus.
1244 3934 1247 3942 “
