2826 4730
438 217 511 341 sia.
534 235 586 326 111ss
630 265 720 326 car.
743 269 877 332 ss-au
959 213 960 216 Ὺ
1076 219 1179 334 'rai
1263 243 1265 251 ’

146 473 210 516 sum
229 451 337 530 dedit,
351 453 405 536 qui
435 451 544 534 spretis
569 473 648 534 qrrue
678 451 766 510 tarda
793 469 863 510 cum
886 452 1066 529 securitate,
1087 473 1177 533 prae·
1191 448 1220 517 (ἢ
1238 445 1333 512 0²²0)

92 544 266 626 bimatum
283 560 331 622 vel
344 581 421 622 cum
439 563 528 620 exitio
543 570 723 641 properant.
766 561 884 619 Auxere
908 580 1070 620 numerum
1093 550 1188 632 aecu-¹

143 671 278 728 satorum
301 667 416 730 Gellius
439 667 597 730 Publicola
618 647 785 730 etltlareus
806 670 977 746 Paconius,
1010 667 1062 728 ille
1092 689 1185 748 quae-

143 785 209 834 stor
231 745 337 848 Silani,
360 775 411 836 bie
433 775 564 856 legatus.
608 775 672 836 Nec
694 775 821 836 dubium
850 775 1023 844 habebatur
1043 775 1185 835 saevitiae

111 875 364 965 &captarumque
384 887 581 966 pecuniarum
603 884 700 944 teneri
724 905 829 944 reum:
853 883 906 945 sed
936 876 1030 944 multa
1059 861 1185 966 aggere·

145 990 261 1050 bantur
278 991 367 1051 etiam
403 989 792 1073 insontibustpericulosa,
816 1013 886 1052 cum
910 1013 1002 1072 super
1023 1002 1070 1052 tot
1099 1012 1186 1051 sena·
1273 980 1276 992 ¹

143 1109 235 1158 tores*
251 1098 394 1158 adversos
414 1097 636 1157 facundissimis
661 1097 755 1158 totius
782 1097 870 1158 Asiae
897 1117 995 1179 eoque
1025 1097 1065 1158 ad
1083 1099 1186 1168 ‘accu-
1283 1141 1286 1153 t

55 1207 61 1228 '
146 1204 276 1264 sandum
298 1203 423 1264 delectis
444 1205 641 1288 responderet
661 1203 743 1264 solus
773 1215 803 1266 et
823 1205 929 1266 orandi
959 1207 1091 1284 nescius,
1114 1227 1187 1288 pro-

146 1315 213 1394 prio
235 1313 264 1372 in
287 1320 389 1389 metu,
412 1313 465 1394 qui
490 1313 649 1372 exercitam
672 1332 795 1394 quoque
815 1312 1017 1396 eloquentiam
1037 1313 1195 1391 debilitat,¹

95 1459 128 1496 ,0
154 1439 214 1478 non
250 1428 437 1500 temperante
464 1418 590 1480 Tiberio
617 1419 691 1500 quin
726 1431 877 1500 premeret
900 1441 974 1480 voce
1006 1419 1116 1496 vultu,
1153 1443 1190 1482 eo

149 1525 233 1607 quod
257 1527 326 1608 ,ipse
353 1522 542 1584 creberrime
574 1524 803 1604 interrogabat,
835 1532 945 1606 neque'
964 1523 1104 1586 refellere
1136 1537 1190 1585 aut

150 1631 277 1694 eludere
299 1633 459 1704 dabatur,
491 1652 525 1690 ae
563 1651 650 1712 saepe
679 1616 771 1692 etiam
800 1631 1007 1692 confitendum
1036 1641 1118 1710 erat,
1140 1637 1191 1693 'ne
1214 1653 1215 1660 ¹

106 1757 109 1770 ’
149 1739 261 1798 frustra
283 1737 490 1818 quaesivisset.
534 1739 647 1799 Servos
677 1759 800 1821 quoque
825 1737 940 1814 Silani,
966 1749 1001 1826 ut
1031 1740 1191 1802 tormentis

149 1849 431 1927 interrogarentur,
464 1857 551 1908 actor
575 1845 724 1937 ,publicus
757 1849 909 1929 mancipio
936 1859 1106 1930 acceperat.
1149 1853 1191 1914 Et

94 1965 128 2026 15
151 1977 193 2016 ne
224 1956 290 2035 quis
328 1953 567 2014 necessariorum
599 1957 719 2030 iuvaret
754 1952 996 2036 periclitantem,
1029 1957 1192 2018 maiestatis

150 2063 284 2124 crimina
311 2059 521 2120 subdebantur
542 2059 685 2120 'vinclum
714 2069 744 2120 et
770 2060 930 2122 necessitas
960 2061 1081 2124 silendi.
1136 2065 1191 2148 lgi-

150 2179 207 2231 tur
245 2169 341 2251 petito
400 2185 568 2247 paucorum
612 2167 732 2228 dierum
773 2169 938 2230 interiectu
967 2169 1192 2230 ,defensionem

153 2279 202 2338 sui
246 2277 404 2352 deseruit,
450 2278 529 2337 ausis
573 2275 610 2343 ad
654 2277 817 2339 Caesarem
862 2279 1033 2358 codicillis,
1081 2281 1203 2361 quibus'

93 2376 354 2455 68invidiam'et
378 2402 482 2464 preces
502 2384 675 2446 miscuerat.
718 2383 860 2444 Tiberius
880 2406 958 2466 quae
990 2388 1020 2446 in
1053 2387 1191 2450 Silanum
1228 2406 1230 2415 ¹

91 2513 131 2553 20
151 2486 302 2572 parabat,
326 2507 387 2568 quo
405 2489 572 2549 excusatius
595 2489 652 2548 sub
676 2488 812 2570 exemplo
831 2493 1057 2575 acciperentur,
1077 2483 1194 2560 libellos
1256 2561 1258 2566 ,

154 2596 220 2658 divi
253 2595 382 2678 Augusti
414 2595 452 2656 de
472 2594 586 2657 Voleso
619 2595 749 2658 Messala
791 2599 924 2660 eiusdem
946 2603 1035 2664 Asiae
1062 2627 1192 2686 procon-

134 2703 223 2766 'sule
242 2703 418 2784 Factumque
439 2703 470 2760 in
496 2723 565 2764 eum
590 2713 712 2762 senatus
745 2703 917 2765 consultum
944 2706 1069 2767 recitari
1099 2711 1194 2777 iubet.

154 2815 239 2874 Tum
262 2809 394 2872 Lucium
414 2809 555 2878 Pisonem
574 2813 754 2872 sententiam
783 2821 892 2894 rogan
928 2814 983 2876 llle
1007 2793 1135 2878 multum
1157 2818 1195 2878 de
1252 2873 1254 2880 ,

153 2920 316 3011 clementia
336 2920 481 3000 principis
505 2920 682 3000 praefatus,
706 2943 785 3003 aqua
811 2911 909 3006 atque*
929 2927 993 3006 igni
1023 2926 1127 3008 Silano
1147 2931 1196 2987 ia·
1294 2945 1300 2964 ⁸

93 3033 133 3092 25
155 3027 372 3090 terdieendum
393 3031 527 3102 censuit,
551 3031 711 3116 ipsumque
743 3028 774 3087 in
802 3029 933 3090 insulam
954 3033 1090 3113 Gyarum
1118 3033 1199 3096 rele-.

153 3135 306 3219 gendum.
349 3135 465 3196 Eadem
489 3135 600 3207 ceteri,
621 3133 679 3200 nisi
704 3133 786 3215 quod
804 3137 926 3196 Gnaeus
943 3135 1091 3198 Lentulus
1111 3160 1196 3220 sepa-

155 3245 257 3305 randa
285 3242 381 3306 silani
410 3253 549 3304 materna
570 3244 664 3324 bona,
696 3245 808 3326 quippe
837 3243 896 3304 alia
933 3255 1061 3326 parente
1082 3247 1198 3327 geniti,

95 3350 375 3434 69reddeadaque
399 3350 462 3412 lilio
494 3349 586 3432 dixit,
607 3349 759 3412 adnuente
782 3349 919 3410 Tiberio.
952 3335 1008 3414 'At
1042 3349 1199 3412 Cornelius

146 3457 319 3519 ¹Dolabella
351 3457 425 3518 dum
457 3451 662 3520 adulationem
690 3456 809 3540 longius
852 3452 1009 3540 sequitur,
1043 3459 1200 3542 increpitis

95 3569 136 3632 30
155 3567 217 3628 Gai
245 3567 342 3628 Silani
363 3570 498 3646 moribus
518 3567 647 3642 addidit,
668 3569 787 3651 nequis
805 3570 868 3630 vita
883 3567 1049 3650 probrosus
1071 3543 1199 3650 etuper-
1289 3559 1290 3562 Ἴ

157 3689 212 3756 tus
233 3676 359 3736 infamia
379 3651 568 3758 provinciam
588 3677 775 3756 sortiretur,
799 3677 891 3759 idque
915 3679 1058 3759 princeps
1087 3678 1200 3740 diiudi-

157 3799 260 3848 caret.
304 3787 382 3847 Nam
403 3772 420 3846 a
442 3779 557 3868 legibus
577 3785 687 3848 delicta
714 3789 855 3869 puniri:-
874 3799 988 3870 quanto
1011 3787 1076 3850 lore
1099 3788 1201 3848 miuus

160 3899 423 3912 ffl-—n-ae

237 3941 272 4010 td.
292 3945 498 4016 interrogentur
514 3932 562 4025 ΙΜ.
585 3939 829 4015 interrogarentur
848 3944 1009 4004 taschatinr.
1043 3950 1044 3954 ’
