2900 4706
450 249 524 360 nin.
545 245 643 358 xrvj
675 279 765 360 car.
788 302 921 368 ss-as.
976 312 980 322 ,
1147 247 1233 368 401¹

188 473 280 535 minia
303 475 442 538 Valerius
474 479 619 540 Ponticus
653 479 805 553 afficitur,
844 481 925 560 quod
954 502 1036 555 reos,
1068 502 1107 542 ne
1127 481 1356 566 apud(ec.61.)
1411 557 1412 560 Ἴ

186 582 370 660 praefectum
389 585 471 645 urbis
486 596 700 668 arguerentur,
722 585 760 646 sd
782 597 964 668 praetorem·
976 587 1142 667 detulisset,
1165 591 1211 650 in·

185 689 278 748 terim
302 692 401 770 speeie
421 691 542 774 legum,
570 713 637 752 mox
666 691 914 772 praevaricando
935 689 1081 752 ultionem
1111 694 1214 782 elusu-

185 809 248 853 rus.
292 796 427 857 Additur
446 811 566 858 senatus
585 797 746 875 consulto,
769 801 822 878 qui
842 797 933 858 talem
956 797 1079 877 operam
1104 804 1212 881 empti·
1256 811 1259 820 “

148 887 167 948 5
185 905 276 958 tasset
296 900 532 978 vendidissetve,
553 903 678 983 perinde
699 923 795 982 poena
816 913 984 980 teneretur,
1007 925 1041 964 ae
1061 905 1089 964 si
1109 905 1211 987 publi·
1245 937 1255 946 =

183 1025 219 1064 oo
238 1005 349 1065 iudicio
369 1007 536 1069 calumniae
556 1010 784 1081 condemnatus.

41 1183 43 1193 ,
125 1095 182 1178 49
268 1113 359 1174 Haud
378 1116 473 1176 multo
494 1129 560 1198 post
581 1119 764 1198 praefectum
786 1117 871 1180 urbis
897 1115 1067 1184 Pedanium
1095 1117 1209 1178 Secun-

184 1217 256 1276 dum
276 1239 381 1278 servus
399 1224 491 1300 ipsius
511 1223 658 1284 interfecit
671 1268 680 1296 ,
695 1245 756 1300 ¹seu
771 1231 879 1304 negata
899 1217 1049 1294 libertate,
1070 1221 1117 1279 cui
1138 1242 1210 1300 pre-

181 1323 258 1382 tium
281 1319 458 1406 pepigerat,
473 1329 549 1396 „sive
570 1349 674 1388 amore
693 1327 801 1388 exoleti
822 1327 970 1409 infensus,
1000 1337 1031 1384 et
1052 1325 1210 1387 dominum

93 1507 95 1514 Α
129 1436 164 1477 ¹⁰
181 1429 335 1492 aemulum
355 1453 417 1492 uon
435 1433 576 1497 tolerans.
618 1436 760 1493 Ceterum
775 1453 852 1503 *cum
873 1441 975 1491 vetere
995 1451 1030 1500 er
1060 1451 1146 1491 more
1163 1410 1209 1490 ia·
1287 1487 1289 1494 ,
1355 1421 1358 1434 ’
1441 1427 1442 1434 '

180 1537 294 1598 miliam
315 1559 453 1612 omnem,
478 1561 555 1620 quae
575 1539 632 1599 sub
658 1524 773 1600 eodem'
791 1548 871 1598 tecto
901 1535 1138 1612 mansitaverat,
1161 1537 1209 1597 ad
1248 1537 1258 1548 ’

178 1642 361 1726 supplitium
384 1645 431 1726 agi
454 1655 630 1728 oporteret,
655 1633 806 1706 concursu
826 1641 943 1726 plebis,
970 1661 1049 1723 quae
1085 1649 1133 1730 tot
1160 1642 1209 1700 in·

133 1741 137 1748 ’
167 1751 282 1810 noxios
297 1751 503 1832 protegebat,
524 1771 620 1832 usque
638 1751 676 1810 ad
697 1751 874 1810 seditionem
891 1758 1018 1810 ventum
1038 1758 1100 1824 est3
1125 1768 1207 1808 seua·

177 1866 271 1938 tuque
293 1861 325 1918 in
346 1862 413 1940 ipso
433 1869 520 1920 erant
539 1859 637 1919 studia
667 1860 790 1919 nimiam
820 1855 1012 1918 severitatem
1042 1875 1206 1936 aspernan-

123 1949 159 2012 15
178 1965 273 2043 tium,
310 1965 453 2046 pluribus
486 1965 562 2026 nihil
584 1965 772 2026 'mutandum
808 1943 1013 2042 eeirsentibus.
1061 1960 1205 2043 Ex‘qnis
1298 1949 1328 1968 ⁵

177 2053 271 2128 Gaius
293 2068 411 2132 Cassius
439 2073 606 2132 sententiae
637 2070 704 2140 loco
722 2061 767 2128 ‘in
795 2067 876 2128 hune
897 2049 1022 2127 modum
1056 2067 1203 2132 disseruit.

116 2159 446 2255 dss‚,Saepenum,ero,
473 2189 573 2257 patres
602 2155 783 2254 conscripti,
813 2174 843 2244 in
881 2171 939 2232 hoe
977 2165 1087 2233 ordine
1106 2175 1203 2259 inter·

173 2279 233 2356 fui,
255 2292 445 2342 cumcontra
467 2284 602 2343 instituta
636 2293 679 2340 et·
694 2281 773 2360 leges
794 2281 941 2338 maiorum
972 2298 1051 2340 nova
1081 2292 1201 2344 seusatus

173 2387 295 2448 decreta
327 2390 571 2470 postularentur3
599 2407 696 2470 neque
722 2407 788 2446 sum
816 2385 1008 2465 adversatus,
1039 2408 1100 2447 non
1129 2390 1202 2470 quia
1265 2452 1269 2466 ,

38 2493 40 2498 ’
114 2493 340 2554 addubitarem
377 2513 467 2575 super
497 2492 636 2554 omnibus
672 2491 796 2571 negotiis
828 2489 937 2549 melius
966 2501 1056 2570 atque
1074 2492 1201 2554 vrectius

171 2598 243 2660 olim
264 2599 418 2680 provisum
442 2610 494 2676 et,
515 2619 592 2679 quae
617 2603 899 2672 converterentur,
922 2596 951 2653 in
978 2595 1112 2657 deterius
1133 2619 1200 2660 mu-

170 2697 249 2782 tari,
272 2706 327 2768 sed
355 2726 394 2765 ue
418 2703 523 2776 nimio,
541 2721 645 2760 amore
673 2698 789 2777 antiqui
814 2699 908 2756 moris
935 2698 1066 2758 studium
1098 2722 1200 2762 meum

170 2811 312 2875 extollere
324 2813 461 2874 viderer.
493 2806 588 2870 Simul
612 2804 756 2886 quiequid
777 2803 836 2864 hoc
854 2807 886 2876 in
905 2805 992 2884 nohis
1010 2808 1198 2868 auctoritatis

169 2929 233 2994 est,
259 2918 373 2980 crebris
394 2912 687 2986 contradictionibus
712 2909 929 2970 destruendum
957 2930 1017 2969 non
1045 2910 1194 2983 existima-

111 3025 153 3088 25
170 3027 264 3103 bam,
285 3035 321 3086 ut
341 3033 479 3086 maneret
496 3025 663 3105 integrum,
688 3017 849 3100 siquando
871 3037 919 3077 res
941 3015 1060 3097 publiea
1091 3017 1194 3078 consi·
1223 3079 1227 3087 x

143 3133 219 3193 -liis
237 3135 375 3215 eguisset.
418 3131 506 3210 Quod
529 3129 618 3188 bodie
634 3115 731 3202 venit,
752 3125 898 3184 consulari
921 3125 990 3183 viro
1013 3123 1094 3184 domi
1120 3145 1192 3186 suae
1256 3108 1260 3112 .

81 3227 84 3233 ¹
168 3240 323 3300 interiecto
342 3261 399 3322 per
420 3237 540 3298 insidias
563 3233 707 3311 serviles,
738 3252 811 3312 quas
836 3251 924 3300 nemo
954 3221 1111 3314 probibuit
1138 3244 1191 3301 aut

98 3357 101 3370 ¹
162 3347 313 3428 prodidit,
335 3347 470 3430 quamvis
490 3322 625 3404 noudum
644 3361 791 3402 concusso
805 3349 925 3399 senatus
941 3337 1088 3412 consulto,
1104 3339 1189 3420 quod

106 3474 109 3480 ’
139 3525 140 3528 ¹
165 3453 347 3535 supplicium
372 3455 428 3528 toti
453 3449 583 3524 familiae
616 3446 819 3512 minitabatur.
868 3442 1036 3512 Decernite,
1057 3443 1188 3516 Hercule

197 3708 200 3715 '
241 3713 278 3764 ιδ.
305 3721 466 3782 senatusque
484 3709 514 3760 in
526 3712 580 3780 quo
598 3707 656 3777 ipso
676 3704 798 3769 cortices,
816 3704 931 3752 correxit
945 3703 1065 3771 ,Lipsius
1102 3703 1183 3754 Paulo

164 3811 228 3874 post
244 3803 411 3857 multandum
430 3803 481 3853 Mn

234 3915 275 3950 ar.
294 3901 325 3953 in
345 3915 396 3958 om.
417 3897 468 3954 Ma.
488 3897 558 3948 idem
577 3898 619 3976 ab.
640 3903 773 3947 manaret,

883 3958 977 4046 “ss
