2862 4730
234 270 283 358 '74
450 265 451 270 '
649 288 876 350 Annluun

92 474 119 546 (ἃ
134 474 269 544 ΕΑΒ)νί
288 476 359 557 igne
380 486 411 536 ct
438 475 578 536 caedibus
601 475 758 556 perfidiam
780 475 863 536 ultus
884 484 938 537 est.
980 439 1123 558 Flumen'
1142 473 1320 557 Visurgis9

239 583 393 658 Romanos
417 579 647 665 Cheruscosque
667 581 884 644 interfluebat.
942 583 1017 644 Eius
1049 585 1086 664 in
1112 585 1178 665 ripa
1212 603 1284 642 curn

242 691 350 778 ceteris
370 688 726 772 primoribusrlrminius
749 689 878 764 adstitit,
902 690 1100 772 quaesitoque
1119 711 1158 750 an
1173 690 1285 750 Caesar
1394 683 1396 688 ’

239 798 396 873 venisset,
417 807 578 878 postquam
598 795 704 858 adesse
727 818 905 881 responsum
928 808 995 870 est,
1028 807 1063 858 ut
1084 795 1190 858 liceret
1213 817 1286 858 curn

239 905 337 968 fratre
357 901 489 986 colloqui
509 906 621 965 oravit.
669 903 747 966 Erat
773 905 797 964 is
828 905 860 964 in
888 903 1041 979 exercitu,
1078 899 1324 987 cognoment05

169 1051 172 1056 -
237 1010 369 1088 Flavus,
390 1013 516 1094 insignis
534 1012 594 1072 lide
614 1021 646 1074 et
665 1011 777 1072 amisso
799 1032 853 1092 per
870 1010 982 1072 vulnus
1003 1011 1093 1072 oculo
1114 1014 1285 1093 paucisan·

236 1128 267 1178 te
287 1121 393 1198 annis,
428 1121 506 1182 duce
526 1120 661 1185 Tiberio.
704 1122 786 1184 Turn
811 1121 1011 1202 permissum,
1046 1139 1286 1204 progressusque

235 1224 385 1288 salutatur
407 1227 447 1288 ab
466 1227 631 1304 Armini03
647 1228 701 1310 qui
722 1229 836 1290 amotis·
855 1225 1076 1310 stipatoribus,
1106 1237 1142 1287 ut
1163 1228 1285 1319 sagittav-

235 1334 273 1394 rii
297 1344 402 1424 nostra
422 1355 479 1416 pro
499 1337 566 1418 ripa
591 1336 726 1420 dispositi
748 1334 949 1398 abscederent
972 1333 1128 1416 postulet,
1151 1346 1181 1396 et
1203 1345 1286 1417 post·

238 1463 331 1522 quam
353 1441 499 1526 digressi,
518 1443 600 1504 unde
622 1465 658 1504 ea
677 1443 856 1504 deformitas
877 1441 941 1503 oris
960 1443 1130 1524 interrogat
1145 1442 1284 1504 fratrem.
1300 1464 1334 1510 m

239 1549 295 1611 lllo
310 1550 413 1612 locum
438 1562 467 1623 et
488 1551 636 1634 praelium
661 1551 830 1625 referente,
854 1551 1011 1634 quodnam
1030 1550 1204 1634 praemium
1234 1572 1285 1612 re-

214 1708 216 1716 ,
240 1660 526 1742 cepisset‘exquirit.
569 1658 683 1722 Flavus
705 1669 794 1720 aucta
813 1659 965 1741 stipendia
984 1669 1126 1741 torquem
1148 1669 1178 1720 et
1194 1679 1287 1720 coro·

239 1787 311 1830 uam
333 1766 453 1849 aliaque
484 1767 626 1830 militaria
654 1763 735 1827 dona
766 1777 932 1844 memorat,
963 1765 1114 1828 irridente
1141 1765 1285 1826 Arminio

241 1875 313 1936 vilia
333 1875 448 1936 servitii
473 1878 582 1956 pretia.
625 1875 703 1936 Exin
725 1875 837 1938 diversi
858 1874 1041 1952 ordiuntur,
1060 1871 1112 1935 bic
1133 1867 1342 1957 magnitu-iil

222 1982 346 2048 rdinem
364 1983 558 2062 Romanam,
578 2001 650 2064 opes
660 1981 797 2042 Caesaris
817 1993 847 2042 et
869 1984 958 2042 victis
971 2003 1077 2064 graves
1092 2002 1223 2064 poenas,
1248 1984 1281 2042 in
1296 1978 1328 2041 15

241 2089 429 2154 deditionem
449 2089 581 2148 venienti
603 2097 741 2168 paratam
761 2086 973 2165 clementiam3
1005 2109 1104 2172 neque
1125 2083 1287 2172 coniugem
1326 2107 1331 2116 ⁴

242 2208 273 2257 et
294 2195 390 2256 filium
413 2196 477 2256 eius
498 2193 651 2255 hostiliter
671 2193 801 2255 haberi:
826 2191 877 2255 ille
899 2195 942 2256 sas
960 2173 1096 2278 patriae,
1112 2196 1288 2260 libertatem

242 2279 374 2380 avitam,
397 2301 559 2388 penetralis
583 2304 768 2364 Germaniae
789 2302 879 2382 deos,
909 2316 1038 2368 matrem
1059 2326 1186 2388 precum
1209 2307 1288 2370 soci-

242 2435 317 2489 am,
336 2433 375 2476 ne
395 2413 641 2494 propinquorum
659 2420 690 2472 et
706 2408 866 2489 affinium,
889 2411 1131 2496 deniquegentis
1147 2436 1220 2476 suae
1233 2415 1302 2476 de·'

243 2530 342 2583 sertor
356 2509 396 2580 'et
416 2519 558 2601 proditor
574 2539 667 2602 quam
691 2519 862 2600 imperator
885 2537 948 2580 esse
970 2519 1085 2608 mallet.
1128 2495 1284 2584 Paulatim
1295 2539 1334 2580 ao

243 2627 316 2688 inde
336 2627 376 2688 ad
395 2627 492 2710 iurgia
514 2624 647 2710 prolapsi
661 2646 723 2707 quo
744 2626 847 2685 minus
869 2645 1001 2708 pugnam
1016 2639 1225 2710 consererent,
1247 2653 1288 2694 ne

243 2735 368 2798 flumine
395 2735 519 2820 quidem
543 2735 703 2796 interiecto
730 2731 971 2807 cohibebantur,
993 2735 1026 2794 ni
1053 2735 1214 2814 Stertinius
1235 2762 1287 2802 ac-

245 2867 370 2906 currens
390 2843 516 2926 plenum
539 2842 602 2902 irae
623 2861 768 2921 armaque
781 2849 819 2899 ‘et
834 2861 947 2924 equum
972 2853 1144 2924 poscentem
1155 2845 1287 2910 Flavum

244 2954 428 3013 attinuisset.
493 2951 685 3011 Cernebatur
713 2959 821 3009 contra
856 2929 1092 3014 minitabundus
1118 2952 1287 3032 Arminius,

245 3059 456 3144 praeliumque
490 3057 685 3120 denuntians.
729 3057 809 3120 Nam
833 3057 977 3142 pleraque
1002 3061 1112 3122 Latino
1142 3055 1337 3128 sermoneab

245 3169 476 3246 interiaeiebat,
501 3175 537 3228 ut
555 3166 608 3249 qui
623 3165 765 3228 Romanis
787 3167 818 3228 in
842 3166 952 3230 castris·
966 3165 1075 3232 ductor
1091 3170 1288 3256 popularium

1382 3309 1411 3358 ⁴,

334 3462 361 3516 6.
382 3457 494 3531 Florus]
518 3459 538 3510 E
558 3459 718 3530 capillorum
737 3461 834 3530 colore,
847 3443 1045 3516 'Germanorum
1065 3461 1176 3532 proprio
1196 3460 1287 3518 Armi-.-

246 3554 288 3608 nii
308 3555 385 3608 fratri
407 3562 617 3624 cognomentum
650 3555 769 3608 inditum
796 3557 883 3612 luisse
905 3547 971 3611 satis
989 3542 1059 3612 mihi
1076 3557 1225 3610 verisimile
1244 3558 1289 3610 ri·

247 3649 335 3703 detur.
371 3649 452 3702 Recte
471 3653 555 3720 igitur
572 3652 674 3706 Flavus
692 3649 843 3706 scribemus
863 3653 972 3718 ethic,
998 3653 1048 3708 ubi
1065 3649 1207 3709 Mediceus
1227 3671 1297 3708 earn·

156 3792 160 3807 ,
240 3745 361 3800 sormam
381 3755 423 3801 ter
441 3751 586 3818 repetitam
605 3748 736 3812 exhibet,
766 3756 794 3802 et
811 3749 954 3814 infra'Xl,
976 3753 1033 3815 16„
1060 3749 1110 3804 ubi
1129 3751 1160 3806 iu
1179 3749 1284 3806 codici-

247 3841 298 3894 bus
316 3843 417 3896 blavio
436 3852 464 3896 et
481 3845 578 3898 Flavii
594 3853 723 3918 corrupte
742 3848 882 3904 scribitur.
933 3824 936 3830 ¹

281 3965 286 3982 .
336 3953 357 4004 7.
377 3939 510 4005 pernicem
528 3939 565 3998 Μ.
628 3987 630 3994 ,
