<?xml version="1.0" encoding="UTF-8"?>
<!DOCTYPE html PUBLIC "-//W3C//DTD XHTML 1.0 Transitional//EN"
    "http://www.w3.org/TR/xhtml1/DTD/xhtml1-transitional.dtd">
<html xmlns="http://www.w3.org/1999/xhtml" xml:lang="en" lang="en">
 <head>
  <title>
</title>
<meta http-equiv="Content-Type" content="text/html;charset=utf-8" />
  <meta name='ocr-system' content='tesseract 3.04.00' />
  <meta name='ocr-capabilities' content='ocr_page ocr_carea ocr_par ocr_line ocrx_word'/>
</head>
<body>
  <div class='ocr_page' id='page_1' title='image "./ccorneliitaciti00rittgoog_0479.png"; bbox 0 0 2900 4706; ppageno 0'>
   <div class='ocr_carea' id='block_1_1' title="bbox 546 321 1280 386">
    <p class='ocr_par' dir='ltr' id='par_1_1' title="bbox 546 321 1280 386">
     <span class='ocr_line' id='line_1_1' title="bbox 546 321 1280 386; baseline 0.014 -10"><span class='ocrx_word' id='word_1_1' title='bbox 546 321 620 380; x_wconf 77' lang='grc' dir='ltr'><strong>ΗΒ.</strong></span> <span class='ocrx_word' id='word_1_2' title='bbox 640 321 726 380; x_wconf 87' lang='lat' dir='ltr'><strong>XVI.</strong></span> <span class='ocrx_word' id='word_1_3' title='bbox 772 321 857 382; x_wconf 81' lang='lat' dir='ltr'><strong>cxP.</strong></span> <span class='ocrx_word' id='word_1_4' title='bbox 880 324 1013 386; x_wconf 68' lang='lat' dir='ltr'><strong>att-99.</strong></span> <span class='ocrx_word' id='word_1_5' title='bbox 1183 347 1187 352; x_wconf 93' lang='lat'>·</span> <span class='ocrx_word' id='word_1_6' title='bbox 1219 321 1280 386; x_wconf 71' lang='lat'><strong>475</strong></span> 
     </span>
    </p>
   </div>
   <div class='ocr_carea' id='block_1_2' title="bbox 133 499 1425 2505">
    <p class='ocr_par' dir='ltr' id='par_1_2' title="bbox 133 499 1425 2505">
     <span class='ocr_line' id='line_1_2' title="bbox 253 499 1425 588; baseline 0.001 -28"><span class='ocrx_word' id='word_1_7' title='bbox 253 502 283 560; x_wconf 91' lang='lat' dir='ltr'><strong>in</strong></span> <span class='ocrx_word' id='word_1_8' title='bbox 306 501 370 588; x_wconf 83' lang='lat' dir='ltr'><strong>iure</strong></span> <span class='ocrx_word' id='word_1_9' title='bbox 392 499 520 560; x_wconf 89' lang='lat' dir='ltr'><strong>iurando</strong></span> <span class='ocrx_word' id='word_1_10' title='bbox 542 501 662 570; x_wconf 90' lang='lat' dir='ltr'><strong>civem,</strong></span> <span class='ocrx_word' id='word_1_11' title='bbox 686 502 743 558; x_wconf 89' lang='lat' dir='ltr'><strong>nisi</strong></span> <span class='ocrx_word' id='word_1_12' title='bbox 768 511 874 560; x_wconf 88' lang='lat' dir='ltr'><strong>contra</strong></span> <span class='ocrx_word' id='word_1_13' title='bbox 895 503 1029 560; x_wconf 90' lang='lat' dir='ltr'><strong>instituta</strong></span> <span class='ocrx_word' id='word_1_14' title='bbox 1053 511 1082 558; x_wconf 92' lang='lat' dir='ltr'><strong>et</strong></span> <span class='ocrx_word' id='word_1_15' title='bbox 1102 503 1311 579; x_wconf 77' lang='lat' dir='ltr'><strong>acerimum-(a</strong></span> <span class='ocrx_word' id='word_1_16' title='bbox 1333 510 1425 584; x_wconf 53' lang='grc' dir='ltr'><strong>θῶ.)</strong></span> 
     </span>
     <span class='ocr_line' id='line_1_3' title="bbox 252 599 1280 689; baseline 0.003 -23"><span class='ocrx_word' id='word_1_17' title='bbox 252 627 283 666; x_wconf 87' lang='lat' dir='ltr'><strong>as</strong></span> <span class='ocrx_word' id='word_1_18' title='bbox 307 611 454 667; x_wconf 90' lang='lat' dir='ltr'><strong>maiorum</strong></span> <span class='ocrx_word' id='word_1_19' title='bbox 477 599 662 689; x_wconf 78' lang='lat' dir='ltr'><strong>proditorem</strong></span> <span class='ocrx_word' id='word_1_20' title='bbox 681 606 782 686; x_wconf 90' lang='lat' dir='ltr'><strong>palam</strong></span> <span class='ocrx_word' id='word_1_21' title='bbox 804 617 833 664; x_wconf 91' lang='lat' dir='ltr'><strong>et</strong></span> <span class='ocrx_word' id='word_1_22' title='bbox 852 605 968 666; x_wconf 87' lang='lat' dir='ltr'><strong>bostem</strong></span> <span class='ocrx_word' id='word_1_23' title='bbox 999 607 1132 668; x_wconf 79' lang='lat' dir='ltr'>Thrasea</span> <span class='ocrx_word' id='word_1_24' title='bbox 1164 607 1280 670; x_wconf 88' lang='lat' dir='ltr'><strong>induis·</strong></span> 
     </span>
     <span class='ocr_line' id='line_1_4' title="bbox 250 708 1279 796; baseline 0.002 -22"><span class='ocrx_word' id='word_1_25' title='bbox 250 725 306 776; x_wconf 89' lang='lat' dir='ltr'><strong>set.</strong></span> <span class='ocrx_word' id='word_1_26' title='bbox 347 716 486 796; x_wconf 86' lang='lat' dir='ltr'><strong>Denique</strong></span> <span class='ocrx_word' id='word_1_27' title='bbox 525 736 615 796; x_wconf 81' lang='lat' dir='ltr'><strong>egere</strong></span> <span class='ocrx_word' id='word_1_28' title='bbox 643 708 813 775; x_wconf 84' lang='lat' dir='ltr'><strong>senatorem</strong></span> <span class='ocrx_word' id='word_1_29' title='bbox 837 725 866 773; x_wconf 87' lang='lat' dir='ltr'><strong>et</strong></span> <span class='ocrx_word' id='word_1_30' title='bbox 888 716 1030 794; x_wconf 90' lang='lat' dir='ltr'><strong>principis</strong></span> <span class='ocrx_word' id='word_1_31' title='bbox 1062 715 1279 776; x_wconf 74' lang='lat' dir='ltr'><strong>obtrectatores</strong></span> 
     </span>
     <span class='ocr_line' id='line_1_5' title="bbox 247 805 1381 904; baseline 0.004 -23"><span class='ocrx_word' id='word_1_32' title='bbox 247 829 406 902; x_wconf 78' lang='lat' dir='ltr'><strong>protegere</strong></span> <span class='ocrx_word' id='word_1_33' title='bbox 432 823 537 884; x_wconf 90' lang='lat' dir='ltr'><strong>solitus</strong></span> <span class='ocrx_word' id='word_1_34' title='bbox 555 824 695 896; x_wconf 89' lang='lat' dir='ltr'><strong>veniret,</strong></span> <span class='ocrx_word' id='word_1_35' title='bbox 719 833 853 884; x_wconf 88' lang='lat' dir='ltr'><strong>censeret</strong></span> <span class='ocrx_word' id='word_1_36' title='bbox 874 821 947 902; x_wconf 90' lang='lat' dir='ltr'><strong>quid</strong></span> <span class='ocrx_word' id='word_1_37' title='bbox 968 823 1082 904; x_wconf 80' lang='lat' dir='ltr'><strong>corrigi</strong></span> <span class='ocrx_word' id='word_1_38' title='bbox 1104 833 1156 882; x_wconf 88' lang='lat' dir='ltr'><strong>aut</strong></span> <span class='ocrx_word' id='word_1_39' title='bbox 1178 836 1277 884; x_wconf 89' lang='lat' dir='ltr'><strong>muta·</strong></span> <span class='ocrx_word' id='word_1_40' title='bbox 1378 805 1381 811; x_wconf 18' lang='grc' dir='ltr'><strong>Δ</strong></span> 
     </span>
     <span class='ocr_line' id='line_1_6' title="bbox 212 909 1383 1018; baseline 0.003 -32"><span class='ocrx_word' id='word_1_41' title='bbox 212 923 277 990; x_wconf 73' lang='lat' dir='ltr'><strong>firi</strong></span> <span class='ocrx_word' id='word_1_42' title='bbox 298 929 408 992; x_wconf 86' lang='lat' dir='ltr'><strong>vellet:</strong></span> <span class='ocrx_word' id='word_1_43' title='bbox 445 933 560 992; x_wconf 84' lang='lat' dir='ltr'>facilius</span> <span class='ocrx_word' id='word_1_44' title='bbox 591 934 759 1014; x_wconf 84' lang='lat' dir='ltr'><strong>perlaturos</strong></span> <span class='ocrx_word' id='word_1_45' title='bbox 789 909 905 1011; x_wconf 80' lang='lat' dir='ltr'><strong>singola</strong></span> <span class='ocrx_word' id='word_1_46' title='bbox 932 933 1153 1012; x_wconf 80' lang='lat' dir='ltr'><strong>increpantem,</strong></span> <span class='ocrx_word' id='word_1_47' title='bbox 1185 951 1275 1009; x_wconf 90' lang='lat' dir='ltr'><strong>quam</strong></span> <span class='ocrx_word' id='word_1_48' title='bbox 1379 999 1383 1018; x_wconf 46' lang='grc' dir='ltr'>ι</span> 
     </span>
     <span class='ocr_line' id='line_1_7' title="bbox 244 1035 1276 1118; baseline -0.001 -23"><span class='ocrx_word' id='word_1_49' title='bbox 244 1057 326 1096; x_wconf 82' lang='lat' dir='ltr'><strong>nurrc</strong></span> <span class='ocrx_word' id='word_1_50' title='bbox 348 1037 498 1098; x_wconf 85' lang='lat' dir='ltr'><strong>silentium</strong></span> <span class='ocrx_word' id='word_1_51' title='bbox 522 1038 693 1118; x_wconf 83' lang='lat' dir='ltr'><strong>perferrent</strong></span> <span class='ocrx_word' id='word_1_52' title='bbox 723 1037 824 1096; x_wconf 89' lang='lat' dir='ltr'><strong>omnia</strong></span> <span class='ocrx_word' id='word_1_53' title='bbox 858 1035 1039 1096; x_wconf 89' lang='lat' dir='ltr'><strong>damnantis.</strong></span> <span class='ocrx_word' id='word_1_54' title='bbox 1088 1035 1201 1094; x_wconf 83' lang='lat' dir='ltr'><strong>Pacem</strong></span> <span class='ocrx_word' id='word_1_55' title='bbox 1230 1035 1276 1094; x_wconf 90' lang='lat' dir='ltr'><strong>illi</strong></span> 
     </span>
     <span class='ocr_line' id='line_1_8' title="bbox 243 1128 1275 1222; baseline 0.002 -22"><span class='ocrx_word' id='word_1_56' title='bbox 243 1161 297 1222; x_wconf 89' lang='lat' dir='ltr'><strong>per</strong></span> <span class='ocrx_word' id='word_1_57' title='bbox 321 1142 429 1202; x_wconf 90' lang='lat' dir='ltr'><strong>orbem</strong></span> <span class='ocrx_word' id='word_1_58' title='bbox 459 1153 581 1219; x_wconf 64' lang='lat' dir='ltr'><strong>terrae,</strong></span> <span class='ocrx_word' id='word_1_59' title='bbox 617 1163 656 1202; x_wconf 88' lang='lat' dir='ltr'><strong>an</strong></span> <span class='ocrx_word' id='word_1_60' title='bbox 681 1128 820 1202; x_wconf 76' lang='lat' dir='ltr'><strong>victorias</strong></span> <span class='ocrx_word' id='word_1_61' title='bbox 851 1143 915 1212; x_wconf 82' lang='lat' dir='ltr'><strong>siue</strong></span> <span class='ocrx_word' id='word_1_62' title='bbox 942 1141 1053 1200; x_wconf 88' lang='lat' dir='ltr'><strong>damno</strong></span> <span class='ocrx_word' id='word_1_63' title='bbox 1084 1143 1275 1202; x_wconf 82' lang='lat' dir='ltr'><strong>exercituum</strong></span> 
     </span>
     <span class='ocr_line' id='line_1_9' title="bbox 243 1243 1273 1330; baseline 0.002 -22"><span class='ocrx_word' id='word_1_64' title='bbox 243 1246 425 1328; x_wconf 80' lang='lat' dir='ltr'><strong>displicere?</strong></span> <span class='ocrx_word' id='word_1_65' title='bbox 446 1249 493 1308; x_wconf 89' lang='lat' dir='ltr'><strong>Ne</strong></span> <span class='ocrx_word' id='word_1_66' title='bbox 515 1247 670 1308; x_wconf 90' lang='lat' dir='ltr'><strong>homiaem</strong></span> <span class='ocrx_word' id='word_1_67' title='bbox 688 1249 776 1309; x_wconf 90' lang='lat' dir='ltr'><strong>bonis</strong></span> <span class='ocrx_word' id='word_1_68' title='bbox 805 1247 932 1328; x_wconf 90' lang='lat' dir='ltr'><strong>publicis</strong></span> <span class='ocrx_word' id='word_1_69' title='bbox 966 1243 1129 1322; x_wconf 78' lang='lat' dir='ltr'><strong>maesiam,</strong></span> <span class='ocrx_word' id='word_1_70' title='bbox 1160 1259 1190 1308; x_wconf 87' lang='lat' dir='ltr'><strong>et</strong></span> <span class='ocrx_word' id='word_1_71' title='bbox 1220 1251 1273 1330; x_wconf 91' lang='lat' dir='ltr'><strong>qui</strong></span> 
     </span>
     <span class='ocr_line' id='line_1_10' title="bbox 243 1353 1396 1442; baseline 0.003 -28"><span class='ocrx_word' id='word_1_72' title='bbox 243 1356 311 1415; x_wconf 84' lang='lat' dir='ltr'><strong>fora</strong></span> <span class='ocrx_word' id='word_1_73' title='bbox 331 1355 452 1416; x_wconf 89' lang='lat' dir='ltr'><strong>theatra</strong></span> <span class='ocrx_word' id='word_1_74' title='bbox 473 1354 583 1436; x_wconf 86' lang='lat' dir='ltr'><strong>templa</strong></span> <span class='ocrx_word' id='word_1_75' title='bbox 607 1375 664 1442; x_wconf 85' lang='lat' dir='ltr'><strong>pro</strong></span> <span class='ocrx_word' id='word_1_76' title='bbox 684 1354 847 1416; x_wconf 85' lang='lat' dir='ltr'><strong>solitudine</strong></span> <span class='ocrx_word' id='word_1_77' title='bbox 868 1353 1011 1426; x_wconf 89' lang='lat' dir='ltr'><strong>haberet,</strong></span> <span class='ocrx_word' id='word_1_78' title='bbox 1043 1357 1096 1433; x_wconf 90' lang='lat' dir='ltr'><strong>qui</strong></span> <span class='ocrx_word' id='word_1_79' title='bbox 1116 1356 1271 1434; x_wconf 54' lang='lat' dir='ltr'><strong>minitaress</strong></span> <span class='ocrx_word' id='word_1_80' title='bbox 1336 1409 1338 1414; x_wconf 15' lang='grc' dir='ltr'><strong>Α</strong></span> <span class='ocrx_word' id='word_1_81' title='bbox 1393 1423 1396 1434; x_wconf 24' lang='lat' dir='ltr'>v</span> 
     </span>
     <span class='ocr_line' id='line_1_11' title="bbox 189 1460 1330 1541; baseline 0.005 -24"><span class='ocrx_word' id='word_1_82' title='bbox 189 1477 224 1518; x_wconf 87' lang='grc' dir='ltr'><strong>ιο</strong></span> <span class='ocrx_word' id='word_1_83' title='bbox 240 1473 291 1522; x_wconf 89' lang='lat' dir='ltr'><strong>tur</strong></span> <span class='ocrx_word' id='word_1_84' title='bbox 313 1461 447 1522; x_wconf 82' lang='lat' dir='ltr'><strong>exsilium</strong></span> <span class='ocrx_word' id='word_1_85' title='bbox 469 1483 572 1537; x_wconf 89' lang='lat' dir='ltr'><strong>suum,</strong></span> <span class='ocrx_word' id='word_1_86' title='bbox 593 1461 769 1522; x_wconf 85' lang='lat' dir='ltr'><strong>ambitionis</strong></span> <span class='ocrx_word' id='word_1_87' title='bbox 788 1479 898 1541; x_wconf 86' lang='lat' dir='ltr'><strong>pravae</strong></span> <span class='ocrx_word' id='word_1_88' title='bbox 925 1471 1094 1540; x_wconf 85' lang='lat' dir='ltr'><strong>compotem</strong></span> <span class='ocrx_word' id='word_1_89' title='bbox 1127 1460 1270 1524; x_wconf 83' lang='lat' dir='ltr'><strong>facerent.</strong></span> <span class='ocrx_word' id='word_1_90' title='bbox 1328 1500 1330 1505; x_wconf 91' lang='lat'>·</span> 
     </span>
     <span class='ocr_line' id='line_1_12' title="bbox 232 1564 1271 1649; baseline 0.001 -20"><span class='ocrx_word' id='word_1_91' title='bbox 232 1569 308 1630; x_wconf 91' lang='lat' dir='ltr'><strong>·Non</strong></span> <span class='ocrx_word' id='word_1_92' title='bbox 340 1568 385 1629; x_wconf 92' lang='lat' dir='ltr'><strong>illi</strong></span> <span class='ocrx_word' id='word_1_93' title='bbox 416 1567 552 1628; x_wconf 88' lang='lat' dir='ltr'><strong>consulta</strong></span> <span class='ocrx_word' id='word_1_94' title='bbox 579 1568 674 1640; x_wconf 88' lang='lat' dir='ltr'><strong>haec,</strong></span> <span class='ocrx_word' id='word_1_95' title='bbox 705 1579 766 1628; x_wconf 89' lang='lat' dir='ltr'><strong>n&#39;on</strong></span> <span class='ocrx_word' id='word_1_96' title='bbox 804 1567 994 1649; x_wconf 80' lang='lat' dir='ltr'><strong>magistratus</strong></span> <span class='ocrx_word' id='word_1_97' title='bbox 1019 1576 1072 1626; x_wconf 88' lang='lat' dir='ltr'><strong>aut</strong></span> <span class='ocrx_word' id='word_1_98' title='bbox 1103 1564 1271 1630; x_wconf 84' lang='lat' dir='ltr'><strong>Romanam</strong></span> 
     </span>
     <span class='ocr_line' id='line_1_13' title="bbox 237 1656 1270 1756; baseline 0 -20"><span class='ocrx_word' id='word_1_99' title='bbox 237 1677 347 1737; x_wconf 90' lang='lat' dir='ltr'><strong>urbem</strong></span> <span class='ocrx_word' id='word_1_100' title='bbox 375 1656 496 1738; x_wconf 19' lang='lat' dir='ltr'><strong>videri..</strong></span> <span class='ocrx_word' id='word_1_101' title='bbox 525 1675 733 1756; x_wconf 79' lang='lat' dir='ltr'><strong>Abrumperet</strong></span> <span class='ocrx_word' id='word_1_102' title='bbox 763 1677 857 1736; x_wconf 90' lang='lat' dir='ltr'><strong>vitam</strong></span> <span class='ocrx_word' id='word_1_103' title='bbox 884 1674 923 1734; x_wconf 89' lang='lat' dir='ltr'><strong>ab</strong></span> <span class='ocrx_word' id='word_1_104' title='bbox 953 1695 988 1734; x_wconf 92' lang='lat' dir='ltr'><strong>ea</strong></span> <span class='ocrx_word' id='word_1_105' title='bbox 1008 1676 1150 1749; x_wconf 85' lang='lat' dir='ltr'><strong>civitate,</strong></span> <span class='ocrx_word' id='word_1_106' title='bbox 1184 1677 1270 1736; x_wconf 88' lang='lat' dir='ltr'><strong>cuins</strong></span> 
     </span>
     <span class='ocr_line' id='line_1_14' title="bbox 179 1777 1303 1876; baseline 0.001 -35"><span class='ocrx_word' id='word_1_107' title='bbox 179 1783 395 1870; x_wconf 62' lang='lat' dir='ltr'><strong>29caritatem</strong></span> <span class='ocrx_word' id='word_1_108' title='bbox 418 1779 512 1856; x_wconf 93' lang='lat' dir='ltr'><strong>olim,</strong></span> <span class='ocrx_word' id='word_1_109' title='bbox 544 1799 626 1872; x_wconf 87' lang='lat' dir='ltr'><strong>nunc</strong></span> <span class='ocrx_word' id='word_1_110' title='bbox 658 1791 687 1840; x_wconf 92' lang='lat' dir='ltr'><strong>et</strong></span> <span class='ocrx_word' id='word_1_111' title='bbox 720 1790 875 1860; x_wconf 89' lang='lat' dir='ltr'><strong>aspectum</strong></span> <span class='ocrx_word' id='word_1_112' title='bbox 909 1782 1047 1854; x_wconf 82' lang='lat' dir='ltr'><strong>exuisset.</strong></span> <span class='ocrx_word' id='word_1_113' title='bbox 1100 1777 1178 1838; x_wconf 90' lang='lat' dir='ltr'><strong>Cum</strong></span> <span class='ocrx_word' id='word_1_114' title='bbox 1213 1802 1270 1861; x_wconf 86' lang='lat' dir='ltr'><strong>per</strong></span> <span class='ocrx_word' id='word_1_115' title='bbox 1301 1870 1303 1876; x_wconf 15' lang='grc' dir='ltr'><em>υ</em></span> 
     </span>
     <span class='ocr_line' id='line_1_15' title="bbox 236 1885 1268 1969; baseline 0.004 -21"><span class='ocrx_word' id='word_1_116' title='bbox 236 1889 309 1949; x_wconf 86' lang='lat' dir='ltr'><strong>haec</strong></span> <span class='ocrx_word' id='word_1_117' title='bbox 331 1899 422 1969; x_wconf 86' lang='lat' dir='ltr'><strong>atque</strong></span> <span class='ocrx_word' id='word_1_118' title='bbox 442 1886 514 1946; x_wconf 89' lang='lat' dir='ltr'><strong>talia</strong></span> <span class='ocrx_word' id='word_1_119' title='bbox 536 1885 716 1959; x_wconf 86' lang='lat' dir='ltr'><strong>Marcellus,</strong></span> <span class='ocrx_word' id='word_1_120' title='bbox 741 1897 776 1946; x_wconf 91' lang='lat' dir='ltr'><strong>ut</strong></span> <span class='ocrx_word' id='word_1_121' title='bbox 797 1896 861 1967; x_wconf 82' lang='lat' dir='ltr'><strong>erat</strong></span> <span class='ocrx_word' id='word_1_122' title='bbox 881 1896 984 1946; x_wconf 87' lang='lat' dir='ltr'><strong>torvus</strong></span> <span class='ocrx_word' id='word_1_123' title='bbox 1001 1906 1036 1944; x_wconf 87' lang='lat' dir='ltr'><strong>ac</strong></span> <span class='ocrx_word' id='word_1_124' title='bbox 1057 1885 1168 1960; x_wconf 87' lang='lat' dir='ltr'><strong>minax,</strong></span> <span class='ocrx_word' id='word_1_125' title='bbox 1192 1909 1268 1952; x_wconf 88' lang='lat' dir='ltr'><strong>voce</strong></span> 
     </span>
     <span class='ocr_line' id='line_1_16' title="bbox 133 1989 1265 2076; baseline 0.002 -20"><span class='ocrx_word' id='word_1_126' title='bbox 133 1989 144 2000; x_wconf 50' lang='lat'>⁵</span> <span class='ocrx_word' id='word_1_127' title='bbox 180 2006 218 2066; x_wconf 74' lang='lat'><strong>15</strong></span> <span class='ocrx_word' id='word_1_128' title='bbox 236 1993 324 2056; x_wconf 82' lang='lat' dir='ltr'><strong>voltu</strong></span> <span class='ocrx_word' id='word_1_129' title='bbox 345 1993 440 2055; x_wconf 88' lang='lat' dir='ltr'><strong>oculis</strong></span> <span class='ocrx_word' id='word_1_130' title='bbox 461 1995 652 2072; x_wconf 81' lang='lat' dir='ltr'><strong>ardesceret,</strong></span> <span class='ocrx_word' id='word_1_131' title='bbox 679 2014 740 2052; x_wconf 90' lang='lat' dir='ltr'><strong>non</strong></span> <span class='ocrx_word' id='word_1_132' title='bbox 762 1993 813 2054; x_wconf 88' lang='lat' dir='ltr'><strong>illa</strong></span> <span class='ocrx_word' id='word_1_133' title='bbox 832 2004 904 2056; x_wconf 89' lang='lat' dir='ltr'><strong>nota</strong></span> <span class='ocrx_word' id='word_1_134' title='bbox 933 2005 964 2054; x_wconf 86' lang='lat' dir='ltr'><strong>et</strong></span> <span class='ocrx_word' id='word_1_135' title='bbox 982 1992 1156 2054; x_wconf 87' lang='lat' dir='ltr'><strong>celebritate</strong></span> <span class='ocrx_word' id='word_1_136' title='bbox 1184 2001 1265 2076; x_wconf 85' lang='lat' dir='ltr'><strong>peri-</strong></span> 
     </span>
     <span class='ocr_line' id='line_1_17' title="bbox 231 2098 1266 2172; baseline 0.001 -10"><span class='ocrx_word' id='word_1_137' title='bbox 231 2103 370 2164; x_wconf 81' lang='lat' dir='ltr'><strong>culorum</strong></span> <span class='ocrx_word' id='word_1_138' title='bbox 391 2111 473 2162; x_wconf 91' lang='lat' dir='ltr'><strong>sueta</strong></span> <span class='ocrx_word' id='word_1_139' title='bbox 493 2103 552 2160; x_wconf 87' lang='lat' dir='ltr'><strong>iam</strong></span> <span class='ocrx_word' id='word_1_140' title='bbox 575 2099 693 2160; x_wconf 85' lang='lat' dir='ltr'><strong>senatus</strong></span> <span class='ocrx_word' id='word_1_141' title='bbox 717 2103 882 2172; x_wconf 88' lang='lat' dir='ltr'><strong>maestitia,</strong></span> <span class='ocrx_word' id='word_1_142' title='bbox 921 2099 972 2160; x_wconf 88' lang='lat' dir='ltr'><strong>sed</strong></span> <span class='ocrx_word' id='word_1_143' title='bbox 994 2120 1090 2160; x_wconf 87' lang='lat' dir='ltr'><strong>novus</strong></span> <span class='ocrx_word' id='word_1_144' title='bbox 1111 2109 1142 2160; x_wconf 88' lang='lat' dir='ltr'><strong>et</strong></span> <span class='ocrx_word' id='word_1_145' title='bbox 1174 2098 1266 2167; x_wconf 87' lang='lat' dir='ltr'><strong>altior</strong></span> 
     </span>
     <span class='ocr_line' id='line_1_18' title="bbox 230 2205 1264 2290; baseline 0.003 -21"><span class='ocrx_word' id='word_1_146' title='bbox 230 2231 328 2289; x_wconf 87' lang='lat' dir='ltr'><strong>pavor</strong></span> <span class='ocrx_word' id='word_1_147' title='bbox 350 2233 457 2270; x_wconf 90' lang='lat' dir='ltr'><strong>manus</strong></span> <span class='ocrx_word' id='word_1_148' title='bbox 487 2211 517 2270; x_wconf 85' lang='lat' dir='ltr'><strong>et</strong></span> <span class='ocrx_word' id='word_1_149' title='bbox 537 2209 597 2270; x_wconf 86' lang='lat' dir='ltr'><strong>tela</strong></span> <span class='ocrx_word' id='word_1_150' title='bbox 620 2210 749 2270; x_wconf 87' lang='lat' dir='ltr'><strong>militum</strong></span> <span class='ocrx_word' id='word_1_151' title='bbox 778 2209 982 2270; x_wconf 85' lang='lat' dir='ltr'><strong>cernentibus.</strong></span> <span class='ocrx_word' id='word_1_152' title='bbox 1041 2205 1138 2270; x_wconf 89' lang='lat' dir='ltr'><strong>Simul</strong></span> <span class='ocrx_word' id='word_1_153' title='bbox 1170 2209 1264 2290; x_wconf 84' lang='lat' dir='ltr'><strong>ipsius</strong></span> 
     </span>
     <span class='ocr_line' id='line_1_19' title="bbox 229 2313 1262 2404; baseline 0.007 -32"><span class='ocrx_word' id='word_1_154' title='bbox 229 2314 381 2374; x_wconf 86' lang='lat' dir='ltr'><strong>Thraseae</strong></span> <span class='ocrx_word' id='word_1_155' title='bbox 404 2313 585 2376; x_wconf 86' lang='lat' dir='ltr'><strong>venerabilis</strong></span> <span class='ocrx_word' id='word_1_156' title='bbox 621 2315 733 2404; x_wconf 88' lang='lat' dir='ltr'><strong>species</strong></span> <span class='ocrx_word' id='word_1_157' title='bbox 764 2314 1005 2390; x_wconf 70' lang='lat' dir='ltr'><strong>obversabatur,</strong></span> <span class='ocrx_word' id='word_1_158' title='bbox 1042 2326 1072 2375; x_wconf 92' lang='lat' dir='ltr'><strong>et</strong></span> <span class='ocrx_word' id='word_1_159' title='bbox 1102 2326 1188 2377; x_wconf 88' lang='lat' dir='ltr'><strong>erant</strong></span> <span class='ocrx_word' id='word_1_160' title='bbox 1209 2321 1262 2399; x_wconf 90' lang='lat' dir='ltr'><strong>qui</strong></span> 
     </span>
     <span class='ocr_line' id='line_1_20' title="bbox 230 2417 1261 2505; baseline 0.009 -26"><span class='ocrx_word' id='word_1_161' title='bbox 230 2417 403 2480; x_wconf 88' lang='lat' dir='ltr'><strong>Helvidium</strong></span> <span class='ocrx_word' id='word_1_162' title='bbox 425 2439 546 2499; x_wconf 88' lang='lat' dir='ltr'><strong>quoque</strong></span> <span class='ocrx_word' id='word_1_163' title='bbox 568 2418 799 2492; x_wconf 85' lang='lat' dir='ltr'><strong>miserarentur,</strong></span> <span class='ocrx_word' id='word_1_164' title='bbox 816 2420 952 2480; x_wconf 87' lang='lat' dir='ltr'><strong>innoxiae</strong></span> <span class='ocrx_word' id='word_1_165' title='bbox 975 2418 1126 2484; x_wconf 89' lang='lat' dir='ltr'><strong>affinitatis</strong></span> <span class='ocrx_word' id='word_1_166' title='bbox 1149 2443 1261 2505; x_wconf 89' lang='lat' dir='ltr'><strong>poenas</strong></span> 
     </span>
    </p>
   </div>
   <div class='ocr_carea' id='block_1_3' title="bbox 214 2665 1257 3980">
    <p class='ocr_par' dir='ltr' id='par_1_3' title="bbox 214 2665 1257 3882">
     <span class='ocr_line' id='line_1_21' title="bbox 226 2665 1257 2762; baseline 0.015 -28"><span class='ocrx_word' id='word_1_167' title='bbox 226 2684 274 2734; x_wconf 90' lang='lat' dir='ltr'><strong>tim</strong></span> <span class='ocrx_word' id='word_1_168' title='bbox 293 2684 406 2752; x_wconf 77' lang='lat' dir='ltr'><strong>assurgit</strong></span> <span class='ocrx_word' id='word_1_169' title='bbox 423 2683 452 2732; x_wconf 87' lang='lat' dir='ltr'><strong>in</strong></span> <span class='ocrx_word' id='word_1_170' title='bbox 470 2683 648 2744; x_wconf 79' lang='lat' dir='ltr'><strong>criminando,</strong></span> <span class='ocrx_word' id='word_1_171' title='bbox 667 2701 681 2733; x_wconf 81' lang='lat' dir='ltr'><strong>a</strong></span> <span class='ocrx_word' id='word_1_172' title='bbox 700 2689 770 2762; x_wconf 74' lang='lat' dir='ltr'><strong>veris</strong></span> <span class='ocrx_word' id='word_1_173' title='bbox 789 2694 816 2736; x_wconf 90' lang='lat' dir='ltr'><strong>et</strong></span> <span class='ocrx_word' id='word_1_174' title='bbox 842 2687 946 2738; x_wconf 89' lang='lat' dir='ltr'><strong>levibus</strong></span> <span class='ocrx_word' id='word_1_175' title='bbox 965 2665 1129 2757; x_wconf 80' lang='lat' dir='ltr'><strong>pertendens</strong></span> <span class='ocrx_word' id='word_1_176' title='bbox 1149 2694 1184 2745; x_wconf 81' lang='lat' dir='ltr'><strong>ad</strong></span> <span class='ocrx_word' id='word_1_177' title='bbox 1203 2696 1257 2748; x_wconf 76' lang='lat' dir='ltr'><strong>fat-</strong></span> 
     </span>
     <span class='ocr_line' id='line_1_22' title="bbox 225 2776 1254 2855; baseline 0.015 -27"><span class='ocrx_word' id='word_1_178' title='bbox 225 2794 253 2828; x_wconf 85' lang='lat' dir='ltr'><strong>sa</strong></span> <span class='ocrx_word' id='word_1_179' title='bbox 271 2786 299 2828; x_wconf 88' lang='lat' dir='ltr'><strong>et</strong></span> <span class='ocrx_word' id='word_1_180' title='bbox 316 2776 466 2830; x_wconf 86' lang='lat' dir='ltr'><strong>invidiosa:</strong></span> <span class='ocrx_word' id='word_1_181' title='bbox 492 2795 553 2830; x_wconf 89' lang='lat' dir='ltr'><strong>nam</strong></span> <span class='ocrx_word' id='word_1_182' title='bbox 582 2779 695 2846; x_wconf 86' lang='lat' dir='ltr'><strong>primum</strong></span> <span class='ocrx_word' id='word_1_183' title='bbox 711 2779 808 2831; x_wconf 90' lang='lat' dir='ltr'><strong>obiicit</strong></span> <span class='ocrx_word' id='word_1_184' title='bbox 829 2780 965 2836; x_wconf 73' lang='lat' dir='ltr'><strong>Thraseae</strong></span> <span class='ocrx_word' id='word_1_185' title='bbox 991 2785 1064 2855; x_wconf 89' lang='lat' dir='ltr'><strong>quod</strong></span> <span class='ocrx_word' id='word_1_186' title='bbox 1085 2789 1254 2843; x_wconf 81' lang='lat' dir='ltr'><strong>incenatum</strong></span> 
     </span>
     <span class='ocr_line' id='line_1_23' title="bbox 224 2873 1255 2944; baseline 0.016 -22"><span class='ocrx_word' id='word_1_187' title='bbox 224 2873 270 2923; x_wconf 92' lang='lat' dir='ltr'><strong>diu</strong></span> <span class='ocrx_word' id='word_1_188' title='bbox 290 2889 345 2924; x_wconf 86' lang='lat' dir='ltr'><strong>uon</strong></span> <span class='ocrx_word' id='word_1_189' title='bbox 363 2874 483 2935; x_wconf 86' lang='lat' dir='ltr'><strong>venerit,</strong></span> <span class='ocrx_word' id='word_1_190' title='bbox 503 2881 557 2923; x_wconf 87' lang='lat' dir='ltr'><strong>tum</strong></span> <span class='ocrx_word' id='word_1_191' title='bbox 578 2875 650 2942; x_wconf 91' lang='lat' dir='ltr'><strong>quod</strong></span> <span class='ocrx_word' id='word_1_192' title='bbox 669 2877 917 2944; x_wconf 88' lang='lat' dir='ltr'><strong>nuncupationibus</strong></span> <span class='ocrx_word' id='word_1_193' title='bbox 938 2887 1060 2931; x_wconf 89' lang='lat' dir='ltr'><strong>votorum</strong></span> <span class='ocrx_word' id='word_1_194' title='bbox 1076 2882 1154 2935; x_wconf 75' lang='lat' dir='ltr'><strong>aaut</strong></span> <span class='ocrx_word' id='word_1_195' title='bbox 1171 2889 1255 2938; x_wconf 81' lang='lat' dir='ltr'><strong>affue-</strong></span> 
     </span>
     <span class='ocr_line' id='line_1_24' title="bbox 222 2967 1252 3040; baseline 0.015 -24"><span class='ocrx_word' id='word_1_196' title='bbox 222 2967 413 3036; x_wconf 82' lang='lat' dir='ltr'><strong>rit‚quamvia</strong></span> <span class='ocrx_word' id='word_1_197' title='bbox 438 2967 672 3038; x_wconf 85' lang='lat' dir='ltr'><strong>quindecimvirali</strong></span> <span class='ocrx_word' id='word_1_198' title='bbox 690 2970 840 3022; x_wconf 84' lang='lat' dir='ltr'><strong>sacerdotio</strong></span> <span class='ocrx_word' id='word_1_199' title='bbox 861 2974 1020 3040; x_wconf 86' lang='lat' dir='ltr'><strong>praeditus,</strong></span> <span class='ocrx_word' id='word_1_200' title='bbox 1047 2975 1146 3029; x_wconf 84' lang='lat' dir='ltr'><strong>deinde</strong></span> <span class='ocrx_word' id='word_1_201' title='bbox 1173 2977 1252 3033; x_wconf 81' lang='lat' dir='ltr'><strong>illum</strong></span> 
     </span>
     <span class='ocr_line' id='line_1_25' title="bbox 221 3062 1250 3136; baseline 0.013 -24"><span class='ocrx_word' id='word_1_202' title='bbox 221 3062 358 3131; x_wconf 85' lang='lat' dir='ltr'><strong>principio</strong></span> <span class='ocrx_word' id='word_1_203' title='bbox 372 3062 437 3114; x_wconf 83' lang='lat' dir='ltr'><strong>enni</strong></span> <span class='ocrx_word' id='word_1_204' title='bbox 453 3062 565 3112; x_wconf 87' lang='lat' dir='ltr'><strong>solenne</strong></span> <span class='ocrx_word' id='word_1_205' title='bbox 585 3063 787 3115; x_wconf 85' lang='lat' dir='ltr'><strong>iusiurandum</strong></span> <span class='ocrx_word' id='word_1_206' title='bbox 807 3067 892 3117; x_wconf 87' lang='lat' dir='ltr'><strong>vitare</strong></span> <span class='ocrx_word' id='word_1_207' title='bbox 917 3062 1081 3136; x_wconf 80' lang='lat' dir='ltr'><strong>indignatur.</strong></span> <span class='ocrx_word' id='word_1_208' title='bbox 1131 3071 1209 3126; x_wconf 85' lang='lat' dir='ltr'><strong>Conf.</strong></span> <span class='ocrx_word' id='word_1_209' title='bbox 1228 3089 1250 3125; x_wconf 88' lang='lat' dir='ltr'><strong>c.</strong></span> 
     </span>
     <span class='ocr_line' id='line_1_26' title="bbox 220 3157 1250 3232; baseline 0.017 -27"><span class='ocrx_word' id='word_1_210' title='bbox 220 3173 263 3214; x_wconf 67' lang='grc' dir='ltr'><strong>ῃ,</strong></span> <span class='ocrx_word' id='word_1_211' title='bbox 286 3157 362 3209; x_wconf 53' lang='grc' dir='ltr'><strong>ΧΙειιιι</strong></span> <span class='ocrx_word' id='word_1_212' title='bbox 387 3161 475 3226; x_wconf 79' lang='lat' dir='ltr'><strong>pergit</strong></span> <span class='ocrx_word' id='word_1_213' title='bbox 502 3157 569 3208; x_wconf 84' lang='lat' dir='ltr'><strong>haec</strong></span> <span class='ocrx_word' id='word_1_214' title='bbox 594 3159 684 3210; x_wconf 82' lang='lat' dir='ltr'><strong>omnia</strong></span> <span class='ocrx_word' id='word_1_215' title='bbox 710 3175 739 3210; x_wconf 85' lang='lat' dir='ltr'><strong>se</strong></span> <span class='ocrx_word' id='word_1_216' title='bbox 761 3162 902 3232; x_wconf 84' lang='lat' dir='ltr'><strong>requirere</strong></span> <span class='ocrx_word' id='word_1_217' title='bbox 927 3162 966 3230; x_wconf 88' lang='lat' dir='ltr'><strong>(h.</strong></span> <span class='ocrx_word' id='word_1_218' title='bbox 987 3179 1009 3212; x_wconf 85' lang='lat' dir='ltr'><strong>e.</strong></span> <span class='ocrx_word' id='word_1_219' title='bbox 1029 3162 1187 3220; x_wconf 81' lang='lat' dir='ltr'><strong>desiderare</strong></span> <span class='ocrx_word' id='word_1_220' title='bbox 1205 3170 1250 3223; x_wconf 84' lang='lat' dir='ltr'><strong>vel</strong></span> 
     </span>
     <span class='ocr_line' id='line_1_27' title="bbox 220 3238 1248 3330; baseline 0.014 -28"><span class='ocrx_word' id='word_1_221' title='bbox 220 3241 438 3304; x_wconf 81' lang='lat' dir='ltr'><strong>desideraturum</strong></span> <span class='ocrx_word' id='word_1_222' title='bbox 472 3253 559 3322; x_wconf 76' lang='lat' dir='ltr'><strong>esse),</strong></span> <span class='ocrx_word' id='word_1_223' title='bbox 590 3254 642 3304; x_wconf 87' lang='lat' dir='ltr'><strong>nisi</strong></span> <span class='ocrx_word' id='word_1_224' title='bbox 663 3253 727 3304; x_wconf 88' lang='lat' dir='ltr'><strong>satis</strong></span> <span class='ocrx_word' id='word_1_225' title='bbox 759 3238 886 3324; x_wconf 80' lang='lat' dir='ltr'><strong>appareat</strong></span> <span class='ocrx_word' id='word_1_226' title='bbox 913 3257 1057 3310; x_wconf 84' lang='lat' dir='ltr'><strong>Thraseam</strong></span> <span class='ocrx_word' id='word_1_227' title='bbox 1086 3265 1248 3330; x_wconf 86' lang='lat' dir='ltr'><strong>contemptis</strong></span> 
     </span>
     <span class='ocr_line' id='line_1_28' title="bbox 221 3346 1249 3422; baseline 0.018 -30"><span class='ocrx_word' id='word_1_228' title='bbox 221 3346 354 3397; x_wconf 80' lang='lat' dir='ltr'><strong>institutis</strong></span> <span class='ocrx_word' id='word_1_229' title='bbox 387 3353 414 3395; x_wconf 88' lang='lat' dir='ltr'><strong>et</strong></span> <span class='ocrx_word' id='word_1_230' title='bbox 446 3348 617 3398; x_wconf 87' lang='lat' dir='ltr'><strong>caerimoniis</strong></span> <span class='ocrx_word' id='word_1_231' title='bbox 648 3350 779 3398; x_wconf 88' lang='lat' dir='ltr'><strong>maiorum</strong></span> <span class='ocrx_word' id='word_1_232' title='bbox 819 3350 984 3418; x_wconf 86' lang='lat' dir='ltr'><strong>proditorem</strong></span> <span class='ocrx_word' id='word_1_233' title='bbox 1019 3355 1107 3422; x_wconf 84' lang='lat' dir='ltr'><strong>palam</strong></span> <span class='ocrx_word' id='word_1_234' title='bbox 1149 3363 1177 3408; x_wconf 87' lang='lat' dir='ltr'><strong>et</strong></span> <span class='ocrx_word' id='word_1_235' title='bbox 1199 3356 1249 3411; x_wconf 86' lang='lat' dir='ltr'><strong>bo·</strong></span> 
     </span>
     <span class='ocr_line' id='line_1_29' title="bbox 219 3419 1246 3520; baseline 0.016 -30"><span class='ocrx_word' id='word_1_236' title='bbox 219 3447 285 3490; x_wconf 82' lang='lat' dir='ltr'><strong>atem</strong></span> <span class='ocrx_word' id='word_1_237' title='bbox 315 3441 443 3492; x_wconf 88' lang='lat' dir='ltr'><strong>induisse.</strong></span> <span class='ocrx_word' id='word_1_238' title='bbox 495 3441 656 3494; x_wconf 78' lang='lat' dir='ltr'><strong>Consularis</strong></span> <span class='ocrx_word' id='word_1_239' title='bbox 686 3419 1006 3516; x_wconf 46' lang='lat' dir='ltr'><strong>&#39;l&#39;lxrasea&#39;appellatun</strong></span> <span class='ocrx_word' id='word_1_240' title='bbox 1025 3451 1100 3520; x_wconf 89' lang='lat' dir='ltr'><strong>quod</strong></span> <span class='ocrx_word' id='word_1_241' title='bbox 1123 3460 1246 3506; x_wconf 80' lang='lat' dir='ltr'><strong>ortusex</strong></span> 
     </span>
     <span class='ocr_line' id='line_1_30' title="bbox 217 3534 1245 3614; baseline 0.013 -28"><span class='ocrx_word' id='word_1_242' title='bbox 217 3534 330 3596; x_wconf 81' lang='lat' dir='ltr'><strong>familia,</strong></span> <span class='ocrx_word' id='word_1_243' title='bbox 352 3538 379 3584; x_wconf 92' lang='lat' dir='ltr'><strong>ia</strong></span> <span class='ocrx_word' id='word_1_244' title='bbox 394 3552 447 3605; x_wconf 89' lang='lat' dir='ltr'><strong>qua</strong></span> <span class='ocrx_word' id='word_1_245' title='bbox 465 3537 620 3587; x_wconf 83' lang='lat' dir='ltr'><strong>consulatus</strong></span> <span class='ocrx_word' id='word_1_246' title='bbox 639 3537 724 3592; x_wconf 85' lang='lat' dir='ltr'><strong>honor</strong></span> <span class='ocrx_word' id='word_1_247' title='bbox 742 3539 804 3602; x_wconf 84' lang='lat' dir='ltr'><strong>fuit,</strong></span> <span class='ocrx_word' id='word_1_248' title='bbox 818 3541 860 3592; x_wconf 89' lang='lat' dir='ltr'><strong>vel</strong></span> <span class='ocrx_word' id='word_1_249' title='bbox 875 3543 949 3612; x_wconf 90' lang='lat' dir='ltr'><strong>quod</strong></span> <span class='ocrx_word' id='word_1_250' title='bbox 962 3544 996 3595; x_wconf 90' lang='lat' dir='ltr'><strong>ah</strong></span> <span class='ocrx_word' id='word_1_251' title='bbox 1018 3544 1182 3614; x_wconf 73' lang='lat' dir='ltr'><strong>imperatore</strong></span> <span class='ocrx_word' id='word_1_252' title='bbox 1202 3550 1245 3600; x_wconf 85' lang='lat' dir='ltr'><strong>in·</strong></span> 
     </span>
     <span class='ocr_line' id='line_1_31' title="bbox 216 3630 1245 3708; baseline 0.014 -27"><span class='ocrx_word' id='word_1_253' title='bbox 216 3637 258 3681; x_wconf 86' lang='lat' dir='ltr'><strong>ter</strong></span> <span class='ocrx_word' id='word_1_254' title='bbox 277 3630 428 3682; x_wconf 79' lang='lat' dir='ltr'><strong>consulares</strong></span> <span class='ocrx_word' id='word_1_255' title='bbox 449 3631 561 3681; x_wconf 83' lang='lat' dir='ltr'><strong>allectus</strong></span> <span class='ocrx_word' id='word_1_256' title='bbox 582 3639 648 3687; x_wconf 86' lang='lat' dir='ltr'><strong>erat.</strong></span> <span class='ocrx_word' id='word_1_257' title='bbox 687 3633 726 3682; x_wconf 88' lang='lat' dir='ltr'><strong>De</strong></span> <span class='ocrx_word' id='word_1_258' title='bbox 749 3651 802 3703; x_wconf 83' lang='lat' dir='ltr'><strong>quo</strong></span> <span class='ocrx_word' id='word_1_259' title='bbox 820 3636 956 3687; x_wconf 85' lang='lat' dir='ltr'><strong>saeculia</strong></span> <span class='ocrx_word' id='word_1_260' title='bbox 982 3635 1088 3690; x_wconf 82' lang='lat' dir='ltr'><strong>Christo</strong></span> <span class='ocrx_word' id='word_1_261' title='bbox 1117 3641 1197 3708; x_wconf 86' lang='lat' dir='ltr'><strong>primi</strong></span> <span class='ocrx_word' id='word_1_262' title='bbox 1215 3660 1245 3695; x_wconf 80' lang='lat' dir='ltr'><strong>ac</strong></span> 
     </span>
     <span class='ocr_line' id='line_1_32' title="bbox 214 3723 1241 3806; baseline 0.013 -32"><span class='ocrx_word' id='word_1_263' title='bbox 214 3723 326 3776; x_wconf 85' lang='lat' dir='ltr'><strong>secundi</strong></span> <span class='ocrx_word' id='word_1_264' title='bbox 344 3724 475 3792; x_wconf 89' lang='lat' dir='ltr'><strong>loquendi</strong></span> <span class='ocrx_word' id='word_1_265' title='bbox 506 3742 554 3776; x_wconf 89' lang='lat' dir='ltr'><strong>usu</strong></span> <span class='ocrx_word' id='word_1_266' title='bbox 574 3725 789 3780; x_wconf 70' lang='lat' dir='ltr'><strong>contulerimus</strong></span> <span class='ocrx_word' id='word_1_267' title='bbox 809 3730 927 3783; x_wconf 84' lang='lat' dir='ltr'><strong>Fratelli</strong></span> <span class='ocrx_word' id='word_1_268' title='bbox 944 3734 1040 3785; x_wconf 82' lang='lat' dir='ltr'><strong>Arvel·</strong></span> <span class='ocrx_word' id='word_1_269' title='bbox 1055 3738 1073 3782; x_wconf 93' lang='lat' dir='ltr'><strong>t.</strong></span> <span class='ocrx_word' id='word_1_270' title='bbox 1093 3733 1127 3783; x_wconf 92' lang='lat'><strong>11.</strong></span> <span class='ocrx_word' id='word_1_271' title='bbox 1145 3751 1172 3802; x_wconf 83' lang='lat' dir='ltr'><strong>p.</strong></span> <span class='ocrx_word' id='word_1_272' title='bbox 1183 3739 1241 3806; x_wconf 73' lang='lat'>794.</span> 
     </span>
     <span class='ocr_line' id='line_1_33' title="bbox 214 3814 482 3882; baseline -0.015 -16"><span class='ocrx_word' id='word_1_273' title='bbox 214 3821 243 3866; x_wconf 85' lang='lat' dir='ltr'><strong>et</strong></span> <span class='ocrx_word' id='word_1_274' title='bbox 259 3829 285 3882; x_wconf 81' lang='lat' dir='ltr'><strong>p·</strong></span> <span class='ocrx_word' id='word_1_275' title='bbox 304 3814 366 3880; x_wconf 69' lang='lat'><strong>804.</strong></span> <span class='ocrx_word' id='word_1_276' title='bbox 384 3820 440 3866; x_wconf 87' lang='lat' dir='ltr'><strong>aot.</strong></span> <span class='ocrx_word' id='word_1_277' title='bbox 458 3833 482 3882; x_wconf 88' lang='lat'><strong>9.</strong></span> 
     </span>
    </p>

    <p class='ocr_par' dir='ltr' id='par_1_4' title="bbox 297 3901 1240 3980">
     <span class='ocr_line' id='line_1_34' title="bbox 297 3901 1240 3980; baseline 0.021 -26"><span class='ocrx_word' id='word_1_278' title='bbox 297 3903 321 3954; x_wconf 78' lang='grc'><strong>5.</strong></span> <span class='ocrx_word' id='word_1_279' title='bbox 340 3904 541 3973; x_wconf 77' lang='lat' dir='ltr'><strong>increpantium</strong></span> <span class='ocrx_word' id='word_1_280' title='bbox 559 3909 608 3962; x_wconf 81' lang='grc' dir='ltr'><strong>Μι.</strong></span> <span class='ocrx_word' id='word_1_281' title='bbox 645 3910 716 3962; x_wconf 87' lang='lat' dir='ltr'><strong>Dein</strong></span> <span class='ocrx_word' id='word_1_282' title='bbox 741 3914 771 3980; x_wconf 72' lang='lat'><strong>¹4</strong></span> <span class='ocrx_word' id='word_1_283' title='bbox 786 3901 827 3966; x_wconf 51' lang='lat' dir='ltr'><strong>¹ur</strong></span> <span class='ocrx_word' id='word_1_284' title='bbox 844 3923 906 3968; x_wconf 76' lang='lat' dir='ltr'><strong>eret</strong></span> <span class='ocrx_word' id='word_1_285' title='bbox 930 3915 1070 3976; x_wconf 81' lang='lat' dir='ltr'><strong>Piehena:</strong></span> <span class='ocrx_word' id='word_1_286' title='bbox 1084 3933 1171 3975; x_wconf 81' lang='lat' dir='ltr'><strong>uteret</strong></span> <span class='ocrx_word' id='word_1_287' title='bbox 1190 3921 1240 3974; x_wconf 65' lang='lat' dir='ltr'><strong>Me,</strong></span> 
     </span>
    </p>
   </div>
   <div class='ocr_carea' id='block_1_4' title="bbox 0 0 1454 4706">
    <p class='ocr_par' dir='ltr' id='par_1_5' title="bbox 0 0 1454 4706">
     <span class='ocr_line' id='line_1_35' title="bbox 0 0 1454 4706; baseline 0 13"><span class='ocrx_word' id='word_1_288' title='bbox 0 0 1454 4706; x_wconf 95' lang='lat' dir='ltr'><strong> </strong></span> 
     </span>
    </p>
   </div>
  </div>
 </body>
</html>
