2826 4730
377 291 379 300 ’
463 343 538 407 ma
562 343 617 407 m.
663 299 916 414 curas-'m
996 305 999 315 ’
1134 347 1195 414 toa

149 521 309 612 coniugem
331 537 362 588 et
383 538 445 588 tres
465 527 576 588 liberos
599 548 727 610 eamque
750 539 900 606 aetatem,
922 549 982 611 qua
1005 529 1070 608 ipse
1090 533 1229 612 quon-(a
1248 532 1341 604 Can)

151 635 223 696 dam
247 635 354 697 adivo
376 637 516 719 Augusto
537 637 576 698 ad
599 637 816 719 capessendum
842 637 902 700 hoc
931 659 1043 700 munus
1070 650 1197 700 vocatus

148 741 216 824 sit„
244 743 349 825 Neque
370 765 453 804 nunc
472 763 613 826 propere,
637 745 690 805 sed
711 767 765 827 per
790 751 867 807 octo'
881 757 989 808 annos
1002 757 1090 828 capto
1107 761 1221 828 expe-s

149 851 296 925 rimento,
312 853 496 932 compressis
505 852 719 931 seditionibus,
732 855 906 935 compositis
915 852 1016 932 bellis,
1025 854 1199 936 triumpha·

93 948 213 1028 57lem
235 969 265 1018 et
286 958 332 1018 bis
361 957 516 1020 consulem
538 960 603 1022 noti
624 959 736 1025 laboris
758 962 936 1043 participem
958 960 1049 1022 sumi.
1100 964 1197 1026 Prae-

150 1063 292 1151 ceperant
313 1069 422 1128 animis
440 1067 611 1129 orationem
634 1077 753 1152 patrcs;
776 1089 837 1150 quo
866 1069 1031 1150 quaesitior
1061 1071 1198 1134 adulatio

149 1181 219 1240 fuit.
262 1179 326 1240 Nec
347 1187 660 1258 tamen'repertum‚
699 1167 756 1236 nisi
794 1188 829 1238 ut
862 1175 972 1260 effigies
1009 1179 1196 1263 principum,

149 1306 217 1346 aras
239 1285 353 1359 deum,
381 1284 493 1365 templa
515 1295 545 1344 et
560 1305 648 1345 arcus
670 1284 789 1366 aliaque
811 1284 900 1348 solita
928 1296 1110 1364 censerent3
1139 1287 1197 1346 nisi

149 1394 232 1474 quod
253 1394 375 1454 Marcus
405 1391 527 1454 Silanus
555 1415 589 1454 ex
618 1391 804 1454 contumelia
835 1393 1010 1454 consulatus
1045 1393 1197 1454 honorem

91 1517 129 1556 ro
149 1499 341 1581 principibus
362 1501 488 1580 petivit,
512 1497 647 1579 dixitque
670 1521 726 1580 pro
747 1502 908 1576 sententia,
934 1509 971 1560 ut
986 1497 1116 1580 publicis
1138 1501 1198 1582 pri-

148 1600 266 1670 vatisve
287 1606 487 1668 monimentis
507 1605 546 1666 ad
568 1608 745 1669 memoriam
760 1615 936 1686 temporum
956 1627 1019 1666 non
1037 1608 1198 1669 consulum

147 1719 272 1776 nomina
291 1715 582 1797 praescriberentur,
603 1714 658 1776 scd
679 1735 809 1792 eorum,
829 1713 886 1795 qui
917 1711 1117 1774 tribuniciam
1139 1737 1197 1796 po·

147 1835 291 1886 testatem
314 1833 467 1904 gererent.
508 1821 552 1883 At
574 1823 708 1900 Quintus
729 1823 870 1882 Haterius
891 1843 963 1882 cum
988 1823 1053 1882 eius
1071 1821 1132 1882 diei
1154 1824 1214 1884 se·v
1253 1877 1258 1885 i

146 1943 237 1992 natus
258 1931 395 1992 consulta
417 1931 518 1994 aureis
539 1930 648 1992 litteris
670 1931 789 2013 figenda
821 1933 853 1990 in
887 1933 972 1990 curia
1004 1932 1193 2009 censuisset,

93 2035 128 2097 15
151 2040 324 2102 deridiculo
355 2041 411 2100 fuit
432 2061 521 2101 senex
542 2039 732 2101 foedissimae
755 2038 938 2100 adulationis
966 2049 1087 2100 tantum
1116 2039 1195 2100 iufa-

85 2142 209 2222 58mia
229 2169 351 2208 usurus.
397 2150 481 2210 luter
504 2169 582 2232 quae
603 2147 760 2229 provincia
784 2147 887 2208 Africa
902 2147 990 2208 lunio
1005 2127 1112 2208 Blaeso
1128 2167 1196 2229 pro·

70 2251 74 2254 ’
141 2267 246 2338 rogata
259 2232 270 2329 ¹,
307 2257 432 2320 Servius
465 2255 683 2338 Maluginensis
716 2255 827 2316 llanien
861 2255 959 2318 Dialis
1001 2268 1036 2318 ut
1085 2256 1194 2321 Asiam

140 2373 224 2426 sorte
243 2365 369 2428 haberet
398 2363 582 2446 postulavit,
612 2364 728 2428 frustra
758 2366 916 2448 vulgatum
945 2366 1089 2428 dictitatis
1129 2388 1193 2430 noo

138 2470 232 2532 licere
253 2471 390 2535 Dialibus
415 2469 517 2552 egredi
545 2469 776 2561 ltalia3¹neqne
805 2470 890 2533 aliud
911 2474 957 2532 ius
979 2493 1067 2534 suum
1097 2495 1193 2557 quam

78 2599 123 2640 20
144 2577 334 2640 Martialium
347 2578 617 2659 Quirinaliumque
639 2568 808 2640 ll'aminnm:
830 2599 922 2661 porro
944 2581 969 2640 si
990 2579 1023 2640 hi
1036 2581 1194 2646 duxissent

141 2688 336 2769 provincias,
359 2709 413 2748 cur
438 2686 579 2756 Dialibus
597 2685 627 2746 id
657 2689 810 2746 vetitum?
842 2685 927 2747 nulla
957 2687 996 2748 de
1020 2709 1056 2748 eo
1085 2685 1192 2771 populi

139 2797 237 2874 scita,
258 2817 320 2855 non
345 2795 376 2854 in
399 2792 486 2855 libris
510 2793 768 2856 caerimoniarum
790 2796 927 2874 reperiri.
970 2793 1066 2876 Saepe
1087 2796 1191 2875 ponti·

139 2902 211 2962 lices
232 2899 332 2962 Dialia
353 2921 440 2960 saera
462 2899 584 2976 fecisse,
608 2900 633 2960 si
660 2898 770 2962 flamen
792 2899 965 2962 valitudine
987 2913 1040 2962 aut
1060 2923 1190 2965 munere

139 3007 266 3088 publico
294 3005 510 3086 impediretur.
563 3003 693 3086 Duobus
721 3015 753 3064 ct
779 3009 971 3090 septuaginta
999 3013 1089 3072 annis
1120 3022 1191 3093 post

79 3113 122 3174 25
139 3113 273 3174 Cornelii
294 3114 431 3176 Merulae
452 3092 574 3176 caedem
596 3115 749 3176 neminem
772 3115 942 3196 suffectum,
964 3141 1064 3203 neque
1085 3131 1189 3184 tamen

137 3209 302 3290 ¹cessavisse
327 3204 500 3304 religiones.
552 3224 673 3304 Quodsi
704 3245 762 3308 per
796 3234 844 3286 tot
872 3247 967 3288 annos
997 3230 1093 3310 possit
1125 3203 1186 3291 nori

144 3397 431 3416 -n—-u--unn

129 3423 133 3431 1
159 3439 166 3448 1

212 3507 251 3558 ι3.
272 3518 354 3577 atque
373 3507 508 3560 Haterius
524 3507 570 3576 M,
592 3505 749 3559 emendavit
767 3507 886 3580 Lipsius.

173 3633 181 3650 .
211 3603 251 3653 16.
268 3602 388 3672 infamia
407 3621 525 3665 usurus,
543 3602 570 3655 h.
589 3620 612 3654 e.
640 3604 782 3654 infamiam
807 3622 857 3674 pro
886 3605 1009 3675 praemio
1039 3606 1185 3664 relaturos.

140 3693 286 3750 Genitirus
304 3695 480 3751 adulationis
506 3697 611 3753 sontem
640 3699 781 3770 designat,
806 3701 880 3754 unde
899 3702 1003 3774 fructus
1022 3701 1071 3755 ille
1091 3705 1184 3775 perci·

138 3790 238 3858 piatur.
591 3842 596 3851 ,
625 3847 628 3852 ,
1160 3831 1169 3858 s

212 3899 251 3952 17·
271 3880 518 3955 maliginensis'M.

111 4031 114 4040 ,
212 3963 250 4049 iq.
271 3981 373 4035 iussrrm
392 3983 441 4036 M:
462 3983 505 4034 ius
526 4001 604 4038 suum
623 3983 794 4066 Rhcpanur..
