2862 4726
368 285 371 290 ’
520 311 596 377 rm.
624 311 679 378 ri,
722 312 977 382 carn-re.
1144 305 1146 309 ·
1193 297 1256 376 tn

108 483 109 486 Ἴ
209 520 296 582 que
290 500 438 558 maiorum
460 508 489 558 et
508 500 636 578 posteris
664 493 845 562 exsolveret.
889 493 1108 556 Obturbabant
1135 483 1297 576 quidemn
1315 497 1345 552 c
1353 499 1425 572 33.)x

208 616 312 705 patres
333 604 430 686 specie
450 602 643 664 detestandi:
664 600 717 663 scd
739 599 920 682 penetrabat
941 621 1037 682 pavor
1061 611 1092 660 et
1121 603 1254 665 admira·

207 716 252 774 tio
275 711 418 777 callidum
435 711 508 772 olim
523 723 555 773 et
569 710 708 792 tegendis
729 710 894 772 sceleribus
914 711 1079 772 obscurum
1100 707 1160 772 buc
1181 731 1255 771 con-

118 818 120 823 ’
207 820 350 884 fidentiae
371 820 510 897 venisse,
531 831 567 880 ut
587 829 734 900 tunquam
756 818 881 894 dimotis
900 818 1067 900 parietibus
1082 821 1258 884 ostenderet

173 935 192 996 5
213 939 355 1010 nepotem
380 927 437 988 snb
461 929 589 1000 verbere
615 925 828 1004 centurionis,
858 927 938 988 inter
967 947 1130 991 servorum
1158 927 1256 1006 ictus,

212 1047 346 1098 extrema
370 1037 449 1096 vitae
470 1033 614 1096 alimenta
637 1033 749 1096 frustra
772 1043 921 1096 orantem.

58 1215 62 1224 1
149 1148 208 1230 95
297 1137 441 1206 Nondum
464 1146 489 1204 is
512 1124 823 1219 dolor'exoleverat,
850 1165 920 1204 cum
953 1141 991 1204 de
1010 1143 1178 1226 Agrippina
1200 1163 1257 1204 au·

194 1252 436 1333 'ditum‚quam
461 1250 622 1310 interfecto
639 1249 749 1310 Seiano
779 1270 832 1339 spe
861 1259 1062 1313 sustentatam
1092 1250 1259 1330 provixisse

211 1381 301 1439 reor,
321 1339 354 1422 it
375 1370 535 1441 postquam
558 1356 636 1418 nibil
661 1358 700 1417 de
721 1357 847 1418 saevitia
879 1357 1113 1432 remittebatur,
1147 1355 1258 1418 volun·

156 1482 192 1526 to
209 1479 274 1530 tate
297 1468 499 1540 exstinctam,
516 1465 580 1526 'nisi
602 1466 629 1525 si
660 1464 775 1546 negatis
808 1461 961 1524 alimentis
991 1465 1182 1524 assimulatus
1215 1475 1260 1525 est

208 1578 297 1656 finis,
319 1575 372 1659 qui
395 1569 554 1632 videretur
576 1579 689 1652 sponte
716 1579 864 1649 sumptus.
915 1568 1086 1628 Enimvero
1116 1569 1284 1640 Tiberius,

209 1682 389 1746 foedissimis
417 1679 683 1740 criminationibus
709 1679 841 1750 exarsit,
865 1675 1098 1758 'impudicitiam
1115 1697 1261 1760 arguens

211 1800 243 1850 et
264 1788 406 1848 Asinium
423 1783 547 1852 Gallum
567 1781 762 1860 adulterum,
786 1784 910 1864 eiusque
940 1793 1038 1844 morte
1067 1767 1107 1844 ad
1126 1783 1261 1848 taedium

119 1931 122 1936 ·
213 1895 295 1956 vitae
317 1893 513 1974 compulsam.
558 1893 617 1954 Sed
639 1891 810 1974 Agrippina
838 1894 927 1974 aequi
961 1893 1142 1974 impatiens,
1163 1893 1262 1956 domi·

155 2005 193 2068 15
213 2002 306 2066 nandi
328 2004 439 2076 avida,
461 2001 599 2066 virilibus
620 2005 701 2063 curis
724 2003 922 2062 ¹feminarum
936 2002 1011 2062 vitia
1038 2014 1172 2063 exuerat.
1203 2003 1261 2065 Eo·

213 2111 284 2172 dem
305 2108 362 2194 dte,
385 2109 660 2192 defunctamque
682 2110 806 2170 biennio
830 2123 902 2170 ante
918 2111 1046 2171 Seianus
1063 2132 1174 2194 poenas
1190 2111 1262 2174 luis·
1336 2179 1344 2186 ,

212 2229 281 2295 set,
305 2220 534 2300 memoriaeque
558 2219 587 2278 id
608 2205 801 2300 prodendum
821 2217 944 2280 addidit
968 2219 1098 2296 Caesar,
1121 2217 1261 2284 iactavit·

212 2347 272 2410 que
292 2323 376 2408 quod
390 2345 451 2384 non
473 2322 584 2406 laqueo
601 2323 789 2407 sufengulata
801 2345 900 2405 neque
919 2323 952 2384 in
965 2325 1128 2387 Gemonias
1147 2330 1262 2409 proice·
1300 2347 1303 2352 ·

214 2447 245 2496 ta
264 2435 357 2494 soret.
400 2433 499 2494 Actae
520 2432 561 2494 ob
579 2433 610 2492 id
631 2445 732 2515 grates
747 2434 986 2516 decretumque,
1013 2445 1048 2496 ut
1070 2437 1262 2517 quintumde-

158 2562 199 2604 πο
218 2545 331 2614 minum
360 2537 501 2600 calendas
524 2539 725 2616 Novembris,
747 2542 911 2621 utriusque
932 2541 1015 2602 necis
1035 2541 1102 2622 die,
1127 2565 1181 2626 per
1201 2563 1263 2608 otu·

216 2648 263 2708 nia
284 2669 382 2710 annos
402 2649 520 2732 donum
543 2637 608 2732 lori
624 2657 810 2710 sacraretur.

155 2755 215 2836 26
300 2757 390 2816 Haud
414 2757 512 2820 multo
534 2767 602 2839 post
626 2757 773 2822 Cocceius
793 2757 916 2830 Nerva,
951 2760 1115 2821 continuus
1142 2763 1263 2843 prinei-

216 2863 283 2945 pis‚
307 2863 406 2924 omnis
424 2863 533 2924 divini
547 2863 764 2946 humanique'
756 2863 834 2924 iuris
863 2865 981 2940 sciens,
1012 2865 1095 2948 integ
1098 2885 1134 2926 ro
1160 2877 1262 2952 statu,
1361 2907 1362 2914 κ

219 2989 349 3049 corpore
373 2969 486 3048 illaeso,
508 2971 661 3034 moriendi
683 2969 844 3058 cumdium
865 2972 968 3053 oepit
1001 2971 1093 3050 Quod
1113 2983 1148 3034 ut
1168 2974 1283 3039 Tibe-¹

156 3073 248 3136 25
222 3097 271 3139 rto
297 3079 465 3161 cognitum,
487 3079 635 3158 assidere,
659 3099 765 3140 causas
799 3082 975 3162 requirere,
998 3081 1112 3142 addere
1135 3105 1263 3165 preces,
1302 3066 1305 3071 ³
1366 3143 1372 3156 „

216 3184 306 3246 fateri
330 3197 481 3268 postremo
502 3205 594 3272 grave
615 3186 843 3266 conscientiae,
870 3209 980 3270 grave
997 3189 1095 3253 famae
1116 3211 1263 3268 suae,sr

215 3299 370 3376 proximus
391 3297 566 3358 siminorum
583 3293 676 3356 nullis
696 3295 847 3358 moriendi
872 3297 1042 3358 rationibus
1065 3299 1159 3358 vitam
1178 3297 1264 3380 iuge-

216 3415 274 3464 ret.
319 3406 485 3465 Aversatus
507 3423 680 3464 sermonem
708 3403 830 3481 Nerva,
853 3405 1066 3466 abstinentiam
1096 3403 1157 3466 cibi
1188 3428 1264 3470 eou-
1346 3430 1349 3436 ¹

217 3513 326 3574 iunxit.
370 3513 528 3596 Ferebant
554 3513 642 3596 gnari
660 3515 876 3602 contuitionem
899 3513 981 3591 eius,
998 3522 1113 3594 quanto
1141 3519 1266 3598 propius

207 3625 506 3654 *ffl—
1316 3639 1327 3658 κ
1376 3651 1378 3656 .

294 3677 331 3744 id.
351 3683 435 3753 aequi
460 3681 617 3754 impatiens]
639 3679 792 3742 Velinae,
812 3679 886 3749 quod
919 3681 1068 3750 Agrippina
1094 3681 1262 3746 mediocrene
1370 3725 1374 3730 .

221 3770 408 3824 conditionem
422 3777 595 3830 aversabatur
613 3785 720 3830 ae'nou
739 3777 794 3828 nisi
814 3791 918 3842 summa
937 3773 1159 3846 concupiscebat,
1175 3773 1264 3828 Tibe·

221 3865 256 3914 rii
276 3865 497 3919 criminationem
516 3870 610 3922 falsam
628 3879 656 3920 et
676 3871 784 3922 inanem
804 3869 889 3924 fuisse
913 3871 1025 3940 ¹Tacitus
1054 3869 1100 3922 his
1119 3871 1208 3927 verbis
1227 3869 1266 3924 ut-

220 3957 368 4024 unificavit.
