2900 4724
129 283 132 290 ,
232 245 293 310 sn
635 241 863 370 nupserunt
946 203 956 210 ’

88 439 113 510 (a
131 433 429 508 c,50,)acceptusque
443 421 653 506 popularibus,
670 424 988 487 mordiuturnitatein
1009 429 1183 509 superbiam
1196 452 1265 492 mu·

229 529 1265 608 tans,etodi0accolarum,simuldomesticisdiscordiiscircumven·

228 648 289 702 tus.
310 637 461 714 Apetores
482 637 566 699 fuere
588 637 731 728 Vibillius
755 640 1038 705 Hermundurorum
1060 666 1112 708 rex
1132 657 1162 706 et
1179 647 1284 706 Van·'

230 750 280 828 gio
301 767 336 806 ae
362 724 436 806 Sido
457 769 567 810 sorore
588 748 699 834 Vannii
726 751 828 830 geniti.
880 749 944 810 Nec
975 751 1135 826 Claudius,
1165 775 1264 836 quan·

230 875 430 936 quamsaepe
453 859 681 934 or'atus,arma
703 857 886 918 certantibus
906 857 1043 920 barbaris
1064 861 1259 942 interposuit,
1278 865 1297 928 5

230 973 333 1024 tutum
352 963 475 1024 Vannio
496 965 667 1046 perfugium
688 969 891 1046 promittens,
920 969 944 1026 si
966 965 1144 1048 pelleretur3
1169 969 1263 1050 scrip-

231 1073 330 1154 sitque
349 1071 459 1132 Publio
494 1071 606 1133 tteltto
628 1074 745 1146 Histro,
768 1075 822 1155 qui
846 1073 1038 1134 Pannoniam
1059 1075 1262 1158 praesidebat,

231 1180 383 1263 legionem
404 1181 525 1260 ipsaque
545 1201 562 1240 e
582 1182 739 1264 provincia
767 1179 845 1242 lecta
868 1182 978 1268 auxilia
999 1205 1056 1264 pro
1085 1186 1148 1266 ripa
1177 1205 1264 1244 com·

232 1309 362 1372 ponere,
384 1286 522 1347 subsidio
543 1287 632 1348 victis
653 1298 682 1347 et
706 1297 859 1350 terrorem
881 1289 1025 1356 adversus
1045 1292 1197 1364 victores,
1225 1311 1264 1350 ne

232 1397 356 1490 fortuna
377 1395 449 1457 elati
469 1407 602 1458 nostram
625 1419 747 1480 quoque
767 1419 873 1480 pacem
894 1397 1063 1462 turbarent.
1112 1397 1190 1457 Nam
1221 1398 1266 1456 vis
1289 1411 1322 1451 ¹⁰
1430 1461 1431 1468 ,

232 1507 394 1567 innumera
422 1507 499 1587 Ligii
527 1505 666 1588 aliaeque
694 1517 796 1587 gentes
827 1504 1052 1580 adventabant,
1088 1505 1165 1565 samo
1195 1483 1266 1564 ditis
1308 1515 1313 1521 “

233 1615 342 1694 regni,
372 1611 457 1694 quod
480 1611 616 1671 Vannius
637 1613 762 1692 triginta
782 1631 837 1692 per
857 1631 950 1672 annos
967 1611 1216 1692 praedationibus
1237 1622 1268 1671 et
1299 1587 1311 1598 Η

233 1719 431 1803 vectigalibus
452 1699 587 1780 aurierat.
630 1719 691 1801 lpsi
712 1736 819 1779 manus
841 1721 963 1800 propria
984 1717 1114 1799 pedites,
1136 1738 1229 1800 eques
1250 1739 1267 1778 e

235 1830 380 1892 Sarmatis
399 1829 556 1910 lazygibus
582 1839 672 1904 erat,
701 1829 799 1907 impar
821 1824 1009 1885 multitudini
1033 1823 1183 1902 hostium3
1212 1845 1262 1884 eo·

237 1957 298 2020 que
324 1932 454 1995 castellis
485 1955 548 1993 sese
579 1932 736 1993 defensare
769 1929 950 2014 ¹bellumque
974 1930 1085 1992 ducere
1106 1941 1261 1992 statuerat.
1284 1908 1326 1988 15³

237 2043 297 2106 Sed
320 2045 439 2124 lazyges
460 2040 627 2100 obsidionis
656 2041 847 2120 impatientes
868 2051 898 2099 et
926 2041 1078 2119 proximos
1108 2061 1163 2121 per
1186 2021 1325 2100 cam-{30

237 2169 292 2230 pos
326 2147 395 2229 vag'i
440 2143 689 2206 necessitudinem
725 2163 843 2226 pugnae
876 2143 1025 2218 attulere,
1066 2145 1137 2227 quia
1168 2147 1271 2228 Ligius

237 2253 538 2332 Hermundurusque
565 2247 626 2310 illie
648 2253 835 2332 ingruerant.
897 2248 997 2331 Igitur
1030 2249 1188 2332 degressus
1219 2275 1271 2314 ca-

237 2359 329 2422 stellis
352 2358 492 2420 Vannius
513 2357 650 2418 funditur
664 2355 800 2440 praelio,
830 2359 1003 2442 quanquam
1032 2358 1119 2439 rebus
1141 2359 1273 2422 adversis
1432 2405 1433 2418 .

239 2464 380 2560 laudatus
408 2466 493 2548 quod
516 2477 547 2526 et
572 2488 705 2550 pugnam
723 2487 816 2526 manu
838 2467 981 2548 capessiit
1007 2479 1038 2528 et
1064 2488 1196 2548 corpore
1219 2467 1272 2527 ad·
1292 2475 1334 2516 ²0

239 2593 330 2634 verso
356 2573 483 2634 vulnera
510 2577 635 2655 excepit.
687 2573 831 2634 Ceterum
862 2572 901 2636 ad
929 2574 1054 2634 classem
1077 2573 1108 2632 in
1131 2575 1272 2634 Danubio
1432 2555 1433 2580 ³

241 2683 448 2766 opperientem
482 2680 622 2764 perfugit.
676 2679 780 2744 Secuti'
817 2703 885 2743 mor
907 2681 1045 2754 clientes,
1077 2691 1108 2740 et
1142 2682 1273 2762 acceptis

240 2793 320 2875 agris
342 2793 373 2852 in
396 2790 552 2872 Pannonia
574 2789 665 2851 locati
693 2801 774 2857 sunt.
802 2791 963 2873 liegnum
985 2787 1104 2869 Vangio
1134 2809 1169 2848 ac
1199 2787 1272 2848 Sido

240 2898 323 2959 inter
346 2920 378 2966 se
392 2900 567 2980 partivere,
600 2900 716 2980 egregia
744 2898 887 2957 adversus
918 2917 973 2956 nos
1000 2894 1084 2972 fide,
1105 2895 1272 2972 subiectis,

241 3026 336 3066 suone
356 3025 394 3066 an
416 3005 529 3064 servitii
550 2995 690 3088 ingenio,
721 3003 795 3062 dum
824 3001 1060 3082 adipiscerentur
1090 2999 1270 3060 dominatio·
1291 2999 1335 3060 25

241 3111 311 3188 nis,
340 3108 436 3172 multa
466 3113 608 3190 caritate,
654 3122 684 3171 et
713 3109 827 3170 maiore
858 3109 960 3184 otlio„
986 3093 1143 3193 postquam
1172 3107 1274 3192 adepti

241 3224 323 3281 sunt.

326 3324 368 3384 Aa
391 3325 421 3384 in
444 3303 599 3385 Britannia
624 3323 767 3384 Publium
788 3324 947 3386 Ostorium
968 3318 1181 3407 propraetore
1209 3302 1328 3394 tur-'3¹1

213 3489 218 3496 „
244 3429 332 3492 bidae
355 3452 403 3493 res
423 3453 582 3516 excepere,
603 3430 702 3492 effusis
724 3432 756 3490 iu
782 3451 887 3514 agrum
907 3432 1056 3501 sociorum
1077 3431 1218 3494 hostibus
1239 3448 1276 3488 eo

242 3591 285 3606 ῃ-
292 3592 532 3602 ...Μαι-...-

319 3692 359 3743 sli·
376 3687 517 3761 degressus
536 3689 689 3744 Ernestius:
714 3687 852 3758 digressus
881 3687 999 3740 codices.
1029 3687 1094 3758 iiior
1112 3689 1155 3740 so'.
1181 3701 1275 3756 mpos-

159 3829 163 3832 .
245 3781 295 3837 tiit
314 3784 366 3844 rb,
445 3789 468 3818 '·
546 3827 553 3836 ,

315 3882 356 3934 23.
376 3881 457 3949 ragio
474 3897 508 3934 oc
525 3877 597 3942 sidio
615 3879 664 3932 Mt.
684 3879 755 3932 idem
775 3881 815 3933 aa.
835 3879 979 3932 brittonis.
