2826 4730
195 269 297 395 '102
568 305 570 310 ’
638 282 866 382 'cursuum
925 409 928 423 Ι
1019 407 1021 411 .

88 515 113 584 (a
127 517 157 572 c.
172 514 222 591 η.)
236 509 367 570 stamius
392 506 522 568 dictator
543 515 679 582 voverat,
700 504 867 586 eodemque
893 505 922 564 in
945 502 1014 566 loco
1037 503 1143 564 aedem
1166 503 1276 567 Florae

235 593 285 683 ab
299 618 395 678 Lucio
418 628 449 678 et
468 617 576 675 Marco
595 612 745 674 Publiciis
769 611 916 674 aedilibus
940 616 1156 686 constitutam,
1180 623 1211 673 ct
1230 614 1276 672 la.

234 747 276 788 no
295 703 465 806 templum,
497 721 580 806 quod
610 720 693 804 apud
721 721 825 782 lorum
850 719 1007 782 olitorium
1030 721 1124 782 Gaius
1145 719 1277 783 Duillius

235 842 405 906 struxerat,
434 831 487 913 qui
507 833 630 912 primus*
645 851 712 891 rem
755 831 924 890 Romanam
947 841 1088 912 prospere
1110 825 1189 892 mari
1210 853 1277 914 ges·

234 943 273 1002 sit
291 919 545 1022 triumphumque
567 937 707 1002 navalem
733 937 772 998 de
792 939 903 1000 Poenis
923 940 1046 999 meruit.
1099 940 1169 1019 Spei
1190 936 1312 1000 aedcsi

236 1071 254 1116 a
273 1048 453 1108 Germanico
475 1053 635 1106 sacratur:
665 1043 746 1124 hanc
769 1043 881 1103 Atilius
904 1055 1032 1106 voverat
1054 1045 1160 1106 codem
1187 1045 1276 1107 bello.

315 1155 517 1217 Adolescebat
544 1155 658 1216 interea
689 1153 736 1214 lec
772 1153 945 1217 maiestatis.
1020 1153 1062 1213 Et
1094 1151 1328 1236 Appuleiam50

236 1263 407 1338 Variliam,
440 1265 550 1326 sororis
570 1264 699 1346 Augusti
722 1274 862 1344 neptem,
895 1262 968 1342 quia
987 1261 1145 1343 probrosis
1165 1283 1278 1324 sermo·

238 1372 327 1434 nibus
350 1371 457 1434 divum
481 1372 656 1455 Augustum
677 1393 714 1433 ac
736 1369 896 1433 Tiberium
922 1380 952 1430 et
972 1379 1102 1431 matrem
1124 1372 1188 1432 eius
1209 1369 1279 1432 illu-

236 1481 339 1555 sisset,
374 1479 561 1562 Caesarique
583 1499 719 1544 munera
741 1477 892 1539 adulterio
914 1487 1089 1549 teneretur,
1120 1480 1323 1541 maiestatisro

237 1589 354 1650 delator
376 1587 557 1650 arcessebat.
597 1585 646 1648 De
668 1586 816 1648 adulterio
840 1589 912 1646 satis
933 1587 1033 1650 caveri
1051 1585 1121 1668 lege
1144 1585 1221 1651 lulio
1234 1588 1281 1646 vi·
1310 1667 1313 1674 Ἰ

237 1715 323 1756 sum:
354 1698 519 1786 maiestatis
538 1697 654 1758 crimen
677 1696 821 1780 distingui
844 1695 958 1759 Caesar
977 1695 1161 1778 postulavit,
1194 1693 1281 1784 darn-

239 1802 382 1884 narique,
415 1807 440 1867 si
461 1826 521 1888 qua
542 1803 581 1870 de
604 1805 741 1885 Augusto
761 1802 930 1886 irreligiose
951 1802 1091 1866 dixisset:
1116 1803 1145 1862 in
1158 1823 1190 1862 se
1202 1806 1282 1866 iacta

239 1909 321 2001 nolle¹
341 1909 380 1976 ad
399 1911 607 1992 cognitionem
626 1912 738 1977 vocari.
794 1912 1002 1992 interrogatus
1027 1933 1045 1989 a
1062 1897 1190 1972 consule
1207 1909 1282 1992 quid

217 2086 220 2094 ,
236 2061 504 2078 —nu--a——u-——q

238 2149 335 2218 Neque
355 2148 430 2220 quod
448 2150 544 2202 dicunt
557 2149 743 2220 interpretes,
754 2149 881 2207 Liberum
892 2165 950 2202 esse
960 2149 1106 2204 Διόνυσον
1120 2151 1283 2207 restiterant

224 2239 289 2306 ,τήν
306 2243 415 2312 Κόραν,
434 2246 546 2296 omnino
565 2262 660 2298 verum
682 2253 742 2306 est,
761 2243 810 2294 scd
828 2244 931 2301 Libero
948 2244 1046 2316 eodem
1067 2245 1148 2298 modo
1169 2263 1283 2314 respou-

167 2415 169 2418 .
241 2337 288 2390 ‹let
306 2336 406 2395 Libero
423 2349 454 2391 ut
472 2341 541 2416 quo
566 2340 642 2404 Iovi,
665 2340 778 2392 Bellona
796 2339 897 2406 Marti,
930 2344 1020 2395 Diana
1040 2344 1122 2406 lano,
1155 2342 1211 2409 Ops
1234 2341 1282 2391 sa-

241 2438 331 2486 turno.
376 2433 534 2496 Ambobus,
563 2434 663 2490 Libero
676 2443 719 2508 'et
737 2437 862 2501 Liberae,
887 2439 1036 2506 persimilis
1061 2445 1102 2498 est
1126 2438 1227 2496 Ceres,
1256 2445 1284 2488 et

241 2539 335 2577 omues
354 2531 408 2576 tres
430 2533 528 2594 utpote
545 2535 634 2581 ter-rae
651 2529 826 2584 fertilitatem
844 2541 976 2603 augentes
997 2541 1025 2584 et
1045 2541 1170 2584 curantes
1184 2533 1283 2582 colun·

187 2657 189 2661 -
241 2624 296 2675 lut.
332 2617 507 2690 Quapropter
527 2623 619 2677 bivias
640 2641 786 2680 commune
805 2628 888 2680 trium
901 2627 1052 2680 ‘numinum
1066 2627 1283 2694 templumrecte

242 2711 337 2767 aedem
356 2731 413 2766 non
431 2713 514 2768 aedes
532 2717 655 2786 appellas
673 2719 729 2782 ΙΙΙ,
749 2721 791 2782 ὀᾶ,
831 2722 864 2774 Ut
884 2723 934 2794 qui
952 2723 1073 2776 tribunis
1093 2723 1184 2793 plebis
1202 2721 1282 2776 aedi·

242 2809 314 2866 libus
332 2809 471 2882 iudicibus
490 2810 655 2868 decemviris
673 2817 831 2880 nocuisset,
852 2820 911 2872 eius
931 2818 1093 2888 caputiari
1111 2835 1221 2870 sacrum
1241 2835 1292 2880 es-¹

243 2915 302 2966 ret,
321 2904 442 2974 familia
468 2903 508 2959 ud
534 2906 626 2962 aedem
641 2909 762 2965 ,Cereris
779 2907 874 2968 tiberi
900 2912 1068 2987 Liberaeque
1097 2929 1192 2968 venum
1221 2915 1283 2966 iret.

243 2995 302 3066 Qui
320 2999 349 3050 in
367 2998 420 3052 boc
438 2999 498 3052 loco
518 3017 618 3056 nomeu
636 3005 730 3060 seriem
753 3007 849 3060 invitis
871 3009 984 3074 optimis
1003 3003 1284 3079 quibusque'codici-

243 3091 296 3144 bus
315 3092 463 3148 delendum
481 3097 686 3163 existimavere,
707 3100 852 3157 ii¹tcmere
870 3101 1044 3165 iudicarunt,
1062 3119 1153 3173 neque
1171 3111 1283 3172 reputa-

243 3195 342 3241 verunt
358 3189 440 3242 rerba
458 3191 526 3270 legis
544 3209 620 3258 esse,
640 3188 712 3266 quae
730 3199 872 3252 luculente
891 3216 923 3252 ae
946 3201 1006 3251 siue
1023 3199 1169 3267 ellipsibus
1187 3199 1282 3266 prole-

244 3282 430 3340 renrlaerant
466 3285 522 3337 lam
539 3304 603 3340 vero
623 3289 813 3360 Capitolium,
833 3293 952 3364 ingentis
972 3294 1189 3362 magnificentiae
1204 3313 1283 3363 opas,

182 3383 185 3391 '
245 3379 275 3428 in
293 3380 522 3447 comparationem
538 3387 627 3438 vocari
651 3387 749 3457 utique
766 3390 878 3459 nequit:
898 3389 928 3442 id
949 3390 1039 3450 enim,
1058 3389 1161 3459 quippe
1178 3381 1283 3444 sacrum

240 3472 334 3524 'tribus
351 3475 462 3526 summis
482 3475 611 3538 Etruscae
630 3480 772 3549 religionis
789 3482 970 3547 numinibus,
989 3485 1048 3535 lovi
1067 3485 1167 3535 lunoni
1180 3485 1283 3537 Minor-

97 3648 105 3661 ν
244 3583 312 3626 rae,
338 3583 395 3619 uon
421 3569 510 3624 solum
534 3577 588 3626 tres
616 3573 699 3626 cellas
725 3574 774 3626 sed
793 3577 844 3629 tria
864 3576 967 3647 templa
987 3578 1045 3631 sire
1062 3576 1143 3633 aedes
1162 3594 1284 3647 compre·
1325 3569 1326 3573 ¹

197 3716 201 3720 ,
246 3662 392 3716 bendcbat.

334 3765 361 3814 3.
381 3761 494 3817 Duilius
510 3763 546 3816 Μ.

337 3861 363 3921 6.
384 3861 414 3912 iu
429 3863 587 3946 germanico
605 3874 738 3920 sacratur.
759 3863 831 3921 hane
860 3865 982 3922 iatillius
1002 3868 1048 3935 ll,
1067 3868 1185 3921 correxit
1205 3866 1285 3921 Bura«

247 3960 331 4012 aldus.
