2826 4730
227 327 286 392 tto
651 311 864 386 truttmunt

70 497 101 568 (Ι
115 498 144 549 C·
154 505 210 568 ²²2)
222 507 358 591 expediat
381 525 431 567 me
448 526 553 566 coram
582 507 764 590 interrogari
797 519 830 570 et
856 503 958 567 dicero
976 504 1050 588 quid
1076 527 1094 566 a
1119 525 1154 568 re
1178 492 1259 590 pub=

107 623 110 630 '
144 587 150 607 Ι
195 618 280 679 'lica
310 639 469 678 censeam:
512 619 544 678 in
577 600 633 678 bac
677 617 826 678 relatione
866 617 1003 678 subtrahi
1032 617 1138 676 oculos
1175 623 1260 676 meos

218 727 329 786 melius
353 725 434 801 suit,
468 745 508 786 ne
537 725 750 786 denotantibus
783 726 871 786 vobis
900 746 954 786 ora
982 745 1019 784 ac
1043 733 1159 784 metum
1193 727 1259 784 sin-

219 835 389 920 gulorum,
420 837 474 917 qui
513 835 649 918 pudendi
682 836 768 896 luxus
806 846 1025 917 arguerentur,
1059 833 1122 915 ipse
1162 833 1255 892 etiam

222 941 356 1004 viderem
386 963 436 1004 eos
456 958 494 1005 ac
514 943 599 1004 velut
621 943 847 1028 deprenderem.
898 943 1015 1032 Quodsi
1045 962 1163 1001 mecum
1185 936 1294 1001 anted

220 1049 278 1110 viri
300 1051 433 1124 strenui,
457 1051 588 1123 aediles,
612 1051 772 1110 consilium
793 1052 992 1122 habuissent,
1015 1053 1118 1110 nescio
1141 1069 1179 1108 an
1202 1071 1257 1111 sn·

202 1154 327 1218 'usurus
361 1158 471 1218 fuerim
497 1162 643 1219 omittere
675 1161 775 1240 potius
794 1159 971 1240 praevalida
992 1169 1023 1218 et
1040 1157 1147 1218 adulta
1166 1156 1253 1233 vitia,

217 1280 310 1348 quam
332 1263 391 1326 boc
414 1269 552 1348 assequi,
578 1279 613 1326 ut
633 1265 732 1348 palam
754 1264 840 1326 fieret
867 1267 978 1350 quibus
1008 1263 1130 1348 flagitiis
1153 1268 1253 1346 impa-

217 1394 267 1433 res
291 1395 429 1434 essemus.
471 1373 531 1434 Sed
553 1373 599 1433 illi
613 1374 736 1456 quidem
759 1373 859 1434 officio
874 1376 971 1435 functi
992 1383 1079 1450 sunt,
1111 1383 1145 1432 ut
1167 1381 1252 1433 eete-

217 1499 269 1540 ros
291 1499 414 1561 quoque
435 1482 626 1561 magistratus
660 1502 715 1542 sua
747 1481 852 1540 munia
879 1480 1005 1562 impiere
1030 1481 1145 1542 velim:
1176 1483 1252 1542 mibi
1276 1497 1314 1536 ¹0

107 1637 109 1644 ,
215 1595 318 1646 autem
341 1607 439 1670 neque
462 1587 624 1651 honestum
654 1587 744 1650 silere
766 1610 866 1672 neque
892 1579 1031 1670 prosequi
1057 1591 1249 1672 expeditum,

214 1695 286 1776 quia
309 1717 371 1756 non
390 1695 496 1758 aedilis
516 1708 570 1757 aut
591 1701 737 1778 praetoris
754 1709 808 1758 ant
838 1697 969 1758 consulis
988 1708 1087 1778 partes
1106 1699 1250 1764 sustineo.

160 1791 171 1826 '¹
212 1805 314 1866 Maius
336 1801 452 1887 aliquid
470 1817 501 1867 et
521 1806 701 1884 excelsiusa
732 1809 870 1889 principe
887 1807 1080 1890 postulatur3
1113 1815 1144 1865 et
1178 1825 1251 1894 qum

211 1921 297 1972 recte
312 1911 466 1972 laetorum
486 1913 546 1973 sibi
570 1917 698 1996 quisque
723 1918 853 1997 gratiam
878 1916 1020 1994 trahant,
1051 1913 1141 1973 unius
1169 1913 1248 1972 invi·

211 2019 263 2080 ‘dia
282 2020 322 2080 ab
344 2023 483 2082 omnibus
504 2033 655 2104 peccatur.
698 2023 781 2101 Quid
811 2023 894 2084 enim
925 2025 1058 2105 primurn
1087 2022 1249 2104 probibere
1272 2013 1310 2076 ¹5

210 2133 241 2186 et
256 2130 391 2206 prist'um
423 2127 462 2187 ad
476 2128 753 2188 morem0reeidere
777 2129 961 2212 adgrediar?
987 2129 1170 2190 villarumne
1198 2133 1247 2190 in·

174 2254 177 2262 ¹
208 2229 293 2298 finita
314 2235 434 2315 spatia?
452 2233 637 2296 familiarum
664 2257 826 2298 numerum
851 2251 881 2298 et
899 2239 1054 2299 nationes?
1076 2239 1194 2318 argenti
1216 2249 1247 2299 et

208 2343 275 2401 auri
296 2342 437 2423 pondus?
458 2347 539 2405 neris
557 2342 795 2427 tabularumque
816 2341 990 2406 miracula?
1010 2346 1176 2426 promiscas
1198 2348 1245 2406 ri-

207 2447 249 2509 ris
271 2460 301 2508 et
325 2449 447 2511 seminis
469 2458 594 2513 vestes?
615 2465 705 2535 atque
725 2453 776 2514 illa
800 2453 980 2515 feminarum
1003 2457 1143 2534 propria,
1176 2430 1255 2534 quis„

206 2555 343 2652 lapidum
369 2581 457 2623 causa
486 2559 632 2642 pecuniae
660 2572 786 2625 nostrae
817 2564 856 2625 ad
891 2575 1031 2624 externas
1049 2571 1101 2622 aut
1127 2561 1244 2622 hostilis
1262 2593 1304 2632 20
1409 2571 1410 2634 j

186 2679 308 2750 ‚gentes
330 2670 596 2744 transierunturt-
623 2673 689 2732 Nee
709 2675 817 2756 ignoro
839 2675 868 2732 in
890 2672 1038 2732 conviviis
1059 2679 1090 2730 et
1121 2669 1302 2750 circulis5l4

204 2779 336 2838 incusari
362 2779 419 2839 ista
439 2789 469 2839 et
490 2779 617 2840 modum
639 2784 743 2862 posci:
767 2782 820 2842 sed
842 2783 866 2842 si
896 2782 962 2867 quis
993 2779 1089 2860 legem
1111 2780 1242 2854 sanciat,
1267 2761 1281 2768 ἱ

179 2907 315 2968 ,poenas
335 2887 469 2966 indicat,
492 2889 583 2966 iidem
607 2889 652 2950 illi
683 2891 839 2951 civitatem
870 2891 974 2968 verti,
1002 2884 1241 2971 splendidissimo

202 2993 313 3073 cuique
340 2995 467 3053 exitium
494 2997 617 3076 parari,
639 2997 792 3056 neminem
837 2996 974 3056 criminis
999 2981 1147 3076 expertem
1179 2993 1240 3053 ela-

181 3089 363 3168 ,nritnbunt
414 3100 509 3182 Atqui
540 3123 580 3162 ne
617 3104 752 3184 corporis
780 3103 902 3184 quidem
931 3103 1052 3162 morbos
1073 3113 1191 3162 veteres
1210 3113 1239 3161 et
1257 3094 1300 3158 25

181 3199 255 3264 'diu
276 3217 379 3266 auctos
398 3206 455 3265 nisi
474 3228 527 3287 per
549 3206 626 3268 dura
648 3219 680 3269 et
699 3229 804 3288 aspera
829 3227 986 3267 coerceas:
1012 3222 1171 3289 corruptus
1199 3210 1238 3268 si-

201 3309 265 3371 mul
282 3310 319 3374 'et
341 3325 521 3396 corruptor,
544 3307 636 3397 aeger
660 3325 691 3376 et
721 3315 850 3397 flagrans
871 3319 990 3376 animus
1012 3317 1093 3390 hund
1116 3316 1238 3376 leviori-

198 3417 258 3496 bus
278 3417 419 3482 remediis
435 3423 671 3506 restinguendus
704 3434 752 3512 est¹
777 3445 867 3504 quam
891 3422 1067 3484 libidinibus
1096 3401 1246 3484 ardescit(

198 3521 259 3583 Tot
285 3546 303 3583 a
325 3527 491 3588 maioribus
512 3539 650 3609 repertae
671 3526 776 3608 leges,
794 3535 840 3587 tot
863 3549 936 3609 quas
964 3528 1053 3590 divus
1081 3533 1236 3614 Augustus

195 3659 419 3682 Ἢ

191 3731 196 3749 0
289 3723 412 3758 neom.
433 3705 474 3759 M:
495 3704 607 3758 deum·

177 3798 182 3809 “
268 3807 306 3856 18.
324 3783 477 3871 promi-sebe
495 3810 539 3865 (ut
551 3817 571 3868 9.
585 3819 625 3868 70.
640 3801 814 3872 promiscum)
827 3797 874 3854 M:
889 3805 1061 3874 promiscuas
1075 3802 1228 3856 beroaldus.

265 3897 306 3963 sl.
325 3895 506 3948 clamitabant
526 3895 568 3955 Μ,
590 3901 618 3944 et
635 3909 740 3962 moxrp.
763 3900 818 3960 161,
830 3913 854 3950 a.
871 3895 985 3967 facere5
1005 3907 1149 3968 utrumque
1167 3899 1227 3948 ἑοι-

195 3991 266 4044 rexit
284 3988 439 4042 Beroaldus.
1141 4003 1146 4010 ·
