2862 4726
228 289 290 354 nso
488 269 496 286 '
634 229 861 344 nunnuun

77 477 107 536 (ι
121 471 153 529 c.
166 468 295 547 stopie,
332 466 496 526 immanem
537 463 672 522 animum
705 461 835 522 subdola
870 460 1019 522 modestia
1050 471 1173 542 tegens,
1210 475 1300 521 non'

220 572 415 631 damnatione
434 567 558 639 matris,
581 589 642 626 non
665 566 768 628 exsilio
787 567 919 627 fratrum
941 579 1031 648 rupta
1058 589 1159 644 voce;
1192 591 1269 651 qua·
1401 615 1402 650 ,

222 677 283 737 leni
308 676 389 736 diem
408 676 553 736 Tiberius
578 675 745 752 induisset,
772 679 840 757 pari
870 675 1004 757 babitu,
1027 674 1110 734 baud
1135 675 1270 736 multum
1399 653 1402 694 t

223 781 405 843 distantibus
441 781 551 844 verbis.
601 780 697 842 Unde
732 787 801 842 mdx
827 781 935 842 scitum
965 782 1101 843 Passieni
1135 786 1269 844 oratoris

223 892 338 950 dictum
356 890 551 972 percrebuit,
583 913 681 974 neque
704 877 861 954 meliorem
891 913 1027 974 unquam
1057 913 1186 952 servum
1215 887 1302 952 neb

225 1019 285 1080 que
307 997 490 1060 deteriorem
511 997 670 1060 dominum
691 999 791 1060 fuisse.
1293 983 1296 992 ¹
1401 977 1402 1022 l

306 1107 376 1168 Non
405 1106 562 1167 omiserim
596 1105 785 1190 praesagium
814 1107 932 1168 Tiberii
952 1107 992 1168 de
1023 1109 1134 1168 Servio
1170 1105 1270 1167 Galba

224 1228 290 1278 tum
311 1215 456 1294 consule3
479 1199 573 1298 quem
602 1217 732 1276 accitum
763 1225 795 1276 et
815 1215 943 1277 diversis
975 1216 1167 1278 sermonibus
1198 1235 1269 1296 per·

224 1325 381 1386 tentatum
396 1335 549 1407 postremo
570 1323 697 1386 Graecis
723 1325 823 1385 verbis
843 1325 876 1383 in
898 1324 979 1384 hane
1013 1326 1194 1384 sententiam
1224 1321 1270 1381 al-

225 1431 347 1494 locutus
388 1442 445 1505 „et
480 1443 535 1509 tu,
582 1429 700 1506 Galba,
741 1434 925 1516 quandoque
962 1431 1136 1512 degustabis
1173 1431 1322 1508 impe-1⁰

226 1539 345 1617 rium,”
379 1563 480 1602 seram
514 1561 550 1602 ac
577 1540 706 1602 brevem
735 1544 900 1623 potentiam
932 1539 1122 1622 significans,
1146 1537 1272 1598 scientia

226 1649 451 1710 Chaldaeorum
471 1651 566 1725 artis,
598 1652 685 1710 cuius
714 1650 895 1731 apiscendae
932 1649 1028 1708 otium
1062 1647 1145 1727 apud
1187 1645 1271 1706 Rho-

227 1755 325 1824 dum,
366 1758 543 1839 magistrum
580 1756 782 1818 Thrasullum
831 1756 960 1834 babuit,
987 1819 990 1826 ,
1013 1753 1155 1837 peritiam
1208 1755 1272 1814 eius

226 1863 286 1924 hoc
306 1863 399 1924 modo
419 1878 569 1948 expertus
613 1864 764 1945 Quotiens
796 1885 891 1946 snper
921 1862 974 1923 tali
994 1863 1116 1942 negotio
1148 1858 1316 1940 consul-21

139 2025 142 2030 .
228 1983 326 2046 taret,
367 1967 448 2031 edita
486 1971 595 2034 domus
625 1985 713 2054 parte
749 1994 786 2032 ac
818 1970 919 2030 liberti
955 1971 1047 2030 unius
1086 1970 1271 2030 conscientia
1291 1963 1321 2024 15

228 2078 385 2140 utebatur.
437 2081 466 2139 ls
495 2079 672 2140 litterarum
710 2082 852 2159 ignarus,
892 2099 1020 2159 corpore
1061 2076 1184 2156 valido,
1219 2099 1273 2160 per

229 2188 298 2246 avia
330 2208 366 2246 ae
400 2186 532 2268 derupta
565 2189 652 2268 (nam
691 2189 767 2246 saxis
795 2185 913 2253 domus,
945 2187 1092 2263 imminet)
1134 2187 1274 2268 praeibat

232 2317 325 2372 eum,
347 2295 432 2356 cuius
455 2307 551 2356 artem
574 2298 703 2376 experiri
728 2295 873 2356 Tiberius
900 2298 1076 2373 statuisset,
1107 2305 1139 2357 ct
1171 2317 1274 2380 regre-

149 2416 154 2430 ’
230 2401 389 2475 dientem,
410 2401 436 2461 si
459 2381 602 2462 vanitatis
623 2411 678 2462 aut
699 2403 845 2463 fraudum
869 2405 1000 2485 suspicio
1022 2403 1207 2488 incesserpt,
1242 2406 1273 2463 in
1304 2464 1307 2470 ,

230 2487 405 2568 subiecium
425 2527 509 2567 mare
533 2510 767 2590 praecipitabat,
789 2531 828 2568 ne
852 2509 942 2571 index
972 2511 1078 2570 arcani
1108 2515 1273 2574 exsisteret.
1290 2524 1324 2566 2⁰

211 2618 333 2711 'Igitur
362 2616 547 2678 Thrasullus
576 2619 670 2680 isdem
689 2621 819 2702 rupibus
840 2620 983 2680 inductus
1014 2629 1176 2700 postquam
1208 2618 1274 2702 per·

233 2737 430 2808 cunctantem
451 2737 680 2802 commoverat,
704 2711 866 2812 imperium
888 2732 945 2811 ipsi
965 2740 995 2788 et
1016 2731 1119 2790 futura
1140 2729 1275 2790 sollerter

233 2819 439 2915 patefaciens,
461 2837 670 2916 interrogatur
701 2857 740 2895 an
766 2859 853 2896 suain
875 2857 996 2918 quoqne
1027 2818 1193 2917 genitalem
1221 2837 1275 2894 ho·

235 2963 306 3002 ram
327 2945 536 3024 comperisset;
557 2965 648 3026 quem
671 2955 738 3004 tum
758 2965 893 3020 annum,
921 2945 1044 3024 qrralem
1072 2943 1155 3004 diem
1183 2943 1273 3004 lrabe-

238 3059 323 3111 ret..
353 3049 407 3111 llle
437 3053 554 3132 positus
581 3053 713 3112 siderum
744 3075 781 3112 ac
812 3051 908 3133 spatia
942 3051 1117 3130 dimensus,
1150 3052 1274 3112 haerere
1291 3057 1324 3118 25

239 3161 357 3242 primo,
379 3159 456 3218 dein=
473 3181 656 3241 pavescere,
691 3173 722 3221 et
741 3172 892 3242 quantum
913 3163 1150 3242 introspiceret,
1184 3158 1274 3238 magis

240 3290 276 3330 ac
297 3271 390 3350 magis
411 3268 552 3350 trepidus
573 3270 791 3331 admirationis·
808 3279 839 3328 et
858 3278 980 3349 metus,
1001 3279 1154 3352 postremo
1181 3264 1275 3328 excla-

249 3425 580 3442 mna-w

315 3554 353 3589 ro.
373 3536 539 3610 quandoque
558 3537 727 3608 degustabis}
746 3536 882 3590 Aduerbio
899 3535 1066 3608 quandoque
1085 3533 1127 3597 lb.
1146 3553 1169 3586 e.
1188 3550 1274 3605 quan-

242 3631 390 3702 docunque
414 3649 499 3684 seram
527 3636 693 3704 potentiam,
719 3629 802 3685 verbo
829 3630 986 3702 degustabis
1013 3632 1122 3684 brevem
1151 3629 1278 3681 'liberius

243 3729 415 3798 significavit.
453 3731 563 3782 Frustra
584 3731 618 3782 ad
636 3731 709 3781 hinne
725 3730 814 3778 locum
837 3728 927 3778 haesit
946 3729 1094 3782 Ernestins.

317 3827 354 3894 14.
373 3845 454 3898 super
469 3829 537 3894 tali]
551 3835 662 3897 superte
682 3823 728 3886 M;
748 3827 867 3910 compsit
886 3823 1013 3882 Pitheua.
1049 3891 1053 3896 ι

314 3924 355 3976 26.
373 3933 536 3992 patescente
555 3921 602 3977 M:
619 3937 766 3990 pavescere
787 3919 943 3974 Beroaldus.
