2862 4726
222 279 283 349 264
633 274 850 339 ANNALIUM
892 330 904 380 χ
948 301 951 308 ’

78 470 107 540 (a
121 471 149 528 c.
160 471 214 547 36.)
224 463 262 529 lit
284 465 315 526 in
338 462 422 525 alios.
465 463 556 542 Quod
582 463 701 546 signum
735 462 841 524 mortis
868 461 1040 524 intellexere
1071 471 1102 522 et
1129 462 1263 522 exsecuti

217 586 299 638 sunt.
340 574 382 636 Et
413 573 546 633 Aemilia
574 572 709 654 Lepida,
737 593 829 654 quam
867 572 970 632 iuveni
1005 572 1108 640 Druso
1135 581 1262 652 nuptam

215 682 343 762 rettuli,
361 681 476 744 crebris
507 681 688 742 criminibus
709 683 855 740 maritum
885 683 1048 756 insectata,
1085 697 1261 762 quanquam

161 820 163 824 ¹
215 791 418 864 intestabilis,
440 801 543 876 tamen
564 792 712 873 impunita
743 791 867 872 agebat,
894 789 969 850 dum
994 789 1145 872 superfuit
1173 799 1261 870 pater

216 901 370 986 Lepidus:
397 881 499 982 post¹a
519 899 708 962 delatoribus
730 878 897 982 corripitur
918 901 958 962 ob
991 919 1113 961 serrum
1136 893 1299 960 adulte-15

214 1030 306 1086 rum3
332 1029 389 1070 nee
411 1006 613 1068 dubitabatur
634 1007 672 1068 de
691 1003 816 1088 flagitio.
839 1007 921 1092 Ergo
950 1010 1059 1070 omissa
1087 1007 1262 1068 defensione

149 1122 155 1140 ⁸
217 1117 310 1178 finem
333 1119 415 1178 vitae
440 1115 498 1176 sibi
522 1116 633 1198 posuit.

301 1225 363 1284 Per
384 1223 465 1284 idem
485 1235 605 1308 tempus
628 1225 783 1286 Clitarum
803 1229 887 1286 natio
915 1225 1090 1308 Cappadoci
1113 1209 1310 1292 drclrelaodi

217 1332 376 1411 subiecta,
397 1333 631 1414 quianostrum
645 1334 677 1394 in
696 1334 824 1395 modum
837 1334 956 1394 deferre
978 1353 1102 1410 cemus,
1123 1331 1186 1414 pati
1207 1332 1263 1391 tri·
1424 1411 1425 1416 η

215 1441 292 1503 buta
310 1439 511 1524 adigebatur,
535 1442 567 1502 iu
587 1443 659 1524 iuga
681 1441 781 1506 Tauri
800 1442 909 1504 montis
933 1439 1086 1518 abscessit,
1106 1409 1261 1498 locoium-
1285 1458 1318 1498 ιο
1424 1439 1425 1484 3

216 1569 276 1630 que
297 1546 420 1628 ingenio
440 1537 507 1610 ¹sese
526 1559 634 1608 contra
646 1547 783 1609 imbelles
804 1551 884 1630 regis
905 1548 1006 1628 copias
1024 1546 1193 1623 tutabatur,
1213 1545 1261 1605 do
1424 1547 1425 1556 ’

217 1669 275 1718 aec
303 1657 426 1716 Marcus
454 1654 626 1718 Trebellius
656 1655 792 1738 legatus,
819 1677 837 1715 a
871 1655 996 1718 Vitellio
1031 1655 1171 1738 praeside
1198 1657 1264 1716 ¹Su-

217 1767 282 1828 riae
305 1785 377 1826 cnm
412 1776 557 1847 quattuor
581 1765 704 1826 milibus
736 1763 975 1851 legionariopum
1000 1777 1030 1826 et
1052 1763 1176 1826 delectis
1208 1784 1264 1822 au·

217 1874 295 1936 xiliis
324 1877 450 1954 missus,
482 1875 559 1937 duos
600 1874 686 1936 collis
718 1895 796 1956 quos
829 1875 953 1936 barbari
994 1873 1168 1934 insederant
1190 1871 1265 1946 (mi-

218 1984 287 2044 nori
308 1984 431 2057 Cadra,
455 1981 543 2044 alteri
565 1983 689 2042 Davara
710 2003 821 2042 nornen
843 1991 904 2058 est)
923 1983 1071 2065 operibus
1092 1978 1263 2041 circumde-
1284 1978 1321 2041 15
1419 2036 1423 2045 .

218 2094 273 2172 dit,
289 2104 320 2154 et
331 2112 492 2172 erumpere
504 2111 591 2151 ausos
603 2090 698 2164 ferro,
711 2099 830 2150 ceteros
841 2093 889 2151 siti
904 2091 942 2150 ad
954 2091 1139 2152 deditionem
1156 2088 1264 2168 coegit.

284 2199 329 2262 At
348 2199 501 2266 Tiridates
514 2197 686 2258 volentibus
707 2197 832 2260 Parthis
853 2199 1074 2282 Nicephorium
1093 2209 1123 2258 et
1145 2196 1265 2258 Anthe-
1373 2175 1377 2184 ”

219 2305 361 2368 musiada
381 2316 559 2386 ceterasque
580 2303 693 2381 urbes,
717 2327 796 2387 quae
818 2307 1039 2369 Macedonibus
1062 2309 1137 2366 sitae
1168 2293 1266 2366 Grae·

219 2439 257 2480 ca
276 2414 427 2477 vocabula
449 2425 620 2496 usurpant,
650 2411 825 2498 Halumque
850 2426 880 2476 et
910 2409 1089 2477 Artemitam
1104 2412 1266 2474 ‘Parthica

221 2523 333 2606 oppida
356 2523 487 2604 recepit,
504 2522 692 2584 certantibus
714 2523 826 2607 gaudio
847 2525 900 2607 qui
922 2523 1110 2584 Artabanum
1136 2520 1322 2604 Scythasue

221 2634 304 2692 inter
323 2631 521 2692 eductumob
541 2633 697 2692 saevitiam
718 2633 863 2693 exsecrati
877 2653 963 2693 come
980 2631 1126 2691 Tiridatis
1148 2629 1267 2713 ingeni-

160 2790 164 2800 ,
221 2759 275 2799 um
298 2739 449 2800 Romanas
472 2759 531 2822 per
559 2749 642 2800 artes
670 2739 842 2826 sperabant.
890 2737 1062 2798 Plurimum
1085 2713 1323 2823 adulationum

221 2843 417 2906 Seleucenses
438 2845 586 2922 induere,
607 2845 714 2906 civitas
743 2855 870 2928 potens,
901 2855 988 2927 septa
1024 2847 1138 2918 muris,
1168 2867 1267 2927 neque

222 2954 254 3014 in
284 2953 454 3014 barbarum
485 2963 650 3035 corrupta,
686 2953 739 3014 sed
769 2953 937 3017 conditoris
973 2952 1093 3016 Seleuci
1122 2956 1266 3015 retinens.
1301 2951 1303 2956 ’

224 3059 367 3120 Trecenti
390 3057 499 3158 opibus
518 3071 571 3119 aut
593 3063 740 3142 sapientia
763 3061 870 3122 delecti
892 3071 927 3120 ut
948 3071 1090 3140 senatus3
1123 3083 1179 3122 sua
1208 3084 1264 3144 po·
1282 3057 1322 3120 25
1422 3059 1423 3068 ’

224 3165 298 3251 pulo
324 3167 380 3231 vis.
422 3167 463 3228 Et
484 3167 624 3248 quotiens
654 3165 822 3227 concordes
857 3175 980 3248 agunt‚‘
1004 3166 1158 3248 spernitur
1188 3167 1266 3229 Par-

225 3278 314 3338 thus:
339 3275 393 3335 ubi
422 3265 603 3353 dissensere,
640 3275 713 3337 dum
731 3274 803 3348 ‚sibi
838 3278 967 3358 quisque
993 3285 1100 3338 contra
1134 3275 1267 3337 aemulos

225 3385 395 3449 subsidium
417 3397 552 3462 vocant,
577 3387 691 3446 nocitus
715 3385 746 3444 in
764 3393 884 3465 partem
907 3385 1070 3444 adversum
1088 3405 1194 3445 omnes
1214 3405 1268 3445 va·

227 3494 322 3558 leseit.
366 3495 403 3556 ld
425 3518 524 3578 nuper
544 3495 698 3558 acciderat
709 3492 867 3553 Artabano
891 3503 1048 3574 regnante,
1071 3495 1124 3576 qui
1144 3491 1264 3576 plebem

959 3584 965 3608 t

225 3653 522 3670 m

317 3744 342 3794 3.
362 3743 501 3794 insectatu
519 3739 548 3790 M
555 3718 706 3790 :insecuta
727 3738 845 3790 editores
863 3749 928 3792 ante
944 3711 1107 3793 Bellerrim.

316 3841 342 3888 8.
361 3839 494 3890 cistarum
513 3834 563 3885 M:
583 3835 717 3887 Clitarum
736 3833 854 3902 Lipsius.
875 3836 917 3889 Ci.
936 3835 986 3887 xlt
995 3875 1003 3901 ‚
1023 3838 1063 3892 55.

300 3933 342 3989 ιδ.
377 3932 520 4000 spernitur
540 3929 701 3982 Rhenanus:
720 3943 892 4005 spernuntur
909 3933 944 3988 lll.

636 4208 644 4240 Ι
