2900 4706
395 316 396 320 a
458 261 640 335 ursam.
687 258 918 349 csse-ras
993 329 999 340 ,
1134 260 1195 324 sus

169 445 272 505 hortas
288 445 427 527 idemque
446 445 715 506 dedecus‘senatus
744 454 774 504 et
802 441 905 524 populi
939 441 1131 524 speravisset,
1160 441 1234 512 acle
1255 439 1347 510 Che)
1436 493 1437 498 ,

168 563 324 640 postquam
345 553 454 614 frustra
474 561 578 634 optata
601 554 678 629 sint,
704 553 819 613 insensa
842 550 930 611 militi
950 548 1146 632 patribusque
1166 557 1197 607 et

166 659 249 741 plebi
270 661 456 722 dissuasisset
489 661 667 722 donativum
703 670 732 721 et
763 659 972 742 congiarium,
1004 656 1198 740 periculaque

168 769 240 828 viris
258 766 423 830 illustribus
446 749 647 829 instruxisset.
691 769 813 846 Quanto
836 786 890 827 suo
914 765 1019 828 labore
1038 775 1196 848 perpetra-

128 857 148 921 5
169 883 259 949 tum,
281 893 319 932 ue
339 871 526 952 irrumperet
544 875 660 934 curiam
670 921 679 950 ‚
700 871 898 954 regentibus
922 870 1051 932 externis
1072 891 1197 952 respon-

154 1001 198 1064 ·sa
222 978 321 1039 daret.
363 979 549 1060 Temporum
578 1001 703 1062 quoquc
730 979 969 1041 Claudianorum
1000 977 1124 1062 obliqua
1150 981 1198 1037 in-

163 1088 327 1181 sectatione
364 1096 473 1149 cuncta
508 1089 572 1150 eius
608 1089 820 1152 dominationis
854 1089 967 1170 flagitia
998 1087 1029 1150 iu
1068 1095 1198 1146 matrem

167 1194 343 1272 transtulit,
360 1193 479 1276 publica
500 1197 625 1257 fortuna
649 1199 827 1260 exstinctam
861 1199 1006 1264 reserens.
1058 1193 1198 1274 Namque

166 1309 201 1360 et
219 1301 408 1384 naufragium
428 1303 592 1378 narrabat,
617 1304 697 1386 quod
719 1304 879 1366 fortuitum
908 1303 1001 1364 luisse
1030 1302 1097 1383 quis
1123 1301 1198 1362 adeo
1307 1323 1311 1348 ι

110 1418 148 1463 to
169 1405 261 1468 hebes
280 1409 471 1470 inveniretur
498 1419 532 1468 ut
558 1408 735 1480 erederet?
767 1418 820 1468 aut
850 1426 868 1466 a
897 1405 1025 1466 muliere
1054 1407 1200 1490 naufraga
1231 1387 1237 1400 ¹

165 1505 290 1576 missum
311 1537 379 1575 cum
398 1514 458 1576 telo
478 1537 594 1592 unum,
619 1517 672 1595 qni
694 1513 834 1574 cohortes
856 1519 888 1572 et
910 1511 1018 1573 classes
1040 1511 1200 1594 imperatu·

165 1621 209 1682 ris
240 1621 465 1703 perfringeret?
507 1621 589 1701 Ergo
623 1639 685 1680 nou
716 1621 777 1678 iam
807 1617 910 1693 Nero,
943 1618 1029 1678 euius
1059 1617 1200 1676 immani·

164 1739 210 1788 tas
234 1729 370 1788 omnium
404 1731 528 1810 questus
567 1725 723 1802 anteibat,
766 1723 818 1784 scd
844 1723 957 1782 Seneca
990 1743 1113 1784 manure
1144 1723 1201 1784 ad·

165 1854 252 1896 verso
279 1847 368 1909 erat,
398 1834 479 1914 qnod
510 1835 652 1894 oratioue
686 1829 740 1892 tali
769 1829 988 1896 confessionem
1024 1832 1198 1912 scripsisset.

110 1922 245 2005 linitio
265 1951 365 2002 tamen
406 1943 576 2002 certamine
595 1943 776 2022 'procerum
807 1940 1014 2018 decantentur
1046 1941 1200 2022 supplica-

100 2029 107 2046 *
163 2051 261 2141 tiopes
295 2049 376 2128 apud
409 2051 511 2108 omnia
541 2047 726 2130 pulvinaria,
752 2055 852 2129 utque
870 2047 1102 2128 Quinquatrus,
1132 2047 1200 2130 qui·

162 2153 221 2216 bus
242 2139 364 2237 apertae
384 2155 509 2216 insidiae
528 2163 638 2233 essent,
659 2154 738 2216 ludis
758 2154 866 2216 annuis
886 2152 1122 2238 celebrarentum
1144 2175 1199 2216 au·

161 2283 248 2332 reum
269 2263 425 2322 Minervae
446 2261 639 2326 simulacrum
661 2265 692 2322 in
712 2261 807 2339 curia,
827 2271 859 2322 et
875 2261 959 2322 iuxta
972 2263 1114 2344 principis
1128 2263 1199 2325 ima·

97 2445 100 2450 Ι
164 2389 202 2452 go
222 2376 430 2446 statueretur3
456 2368 520 2429 dies
540 2370 647 2429 natalis⁴
663 2367 852 2452 ¹Agrippinae
866 2369 1088 2431 iuter-nefastos
1108 2383 1194 2434 esset.

103 2489 143 2529 so
162 2476 296 2536 Thrasea
317 2477 427 2538 Paetus
449 2476 568 2536 silentio
591 2475 639 2538 vel
661 2473 748 2538 brevi
773 2465 1036 2560 assensu'priores
1067 2479 1198 2542 adulati·
1238 2549 1241 2556 ,

162 2605 234 2644 ones
253 2585 461 2644 transmittere
484 2583 589 2644 solitus
611 2583 681 2644 exiit
699 2593 912 2663 tumseuatu,
941 2606 978 2646 ae
998 2585 1054 2646 sibi
1075 2607 1197 2648 causam

122 2685 125 2690 ’
161 2685 291 2769 periculi
324 2687 418 2766 fecit,
441 2687 565 2749 ceteris
608 2689 757 2750 libertatis
793 2691 913 2751 initium
946 2711 1007 2752 non
1042 2695 1195 2773 praebuit.

162 2792 305 2874 Prodigia
334 2817 455 2877 quoque
479 2795 588 2856 crebra
618 2807 648 2856 et
674 2795 760 2857 irrita
800 2799 1003 2860 intercessere.
1056 2798 1196 2881 Anguem

149 2899 248 2959 enixa
271 2900 403 2979 muller,
440 2913 469 2962 et
494 2901 552 2964 alia
574 2905 605 2963 in
630 2905 792 2966 concubitu
815 2905 916 2967 mariti
946 2906 1197 2973 fulmine‘exani-

98 3015 141 3078 25
162 3016 253 3064 mats.
301 3007 364 3066 lam
385 3006 430 3066 sol
464 3021 585 3089 repente
614 3009 816 3084 obscuratus,
853 3019 885 3072 et
911 3021 1008 3072 tectae
1041 3011 1080 3072 de
1112 3013 1195 3073 caelo

160 3113 401 3194 quattuordecim
423 3116 509 3177 urbis
529 3117 673 3197 regiones.
713 3119 802 3196 Quae
822 3117 899 3180 adeo
922 3115 985 3179 sine
1006 3139 1083 3182 eura
1106 3119 1195 3180 deum

166 3279 398 3297 ..ιη-ιιι...-

244 3409 271 3462 6·
290 3409 405 3482 obliqua
423 3399 533 3476 Lipsius
551 3417 579 3462 et
598 3410 637 3462 A:
656 3412 745 3464 obbia
762 3412 844 3466 utta.

248 3520 275 3570 9.
292 3503 376 3566 fuisse
395 3503 555 3556 Rhenanus:
574 3505 680 3557 codices
696 3508 802 3574 ficisset.

233 3596 274 3646 16.
294 3597 502 3669 Quinquatruus
520 3599 575 3651 Mt:
598 3601 786 3674 Quinquatrus
804 3601 921 3672 Lipsius.

236 3707 273 3759 ¹9·
295 3685 491 3746 statuerentur
502 3693 554 3748 Ma.
732 3764 733 3774 ἵ
883 3693 885 3698 ’

231 3799 273 3836 ar.
292 3785 362 3836 sciit
378 3797 433 3837 tum
454 3800 552 3841 senatu
571 3789 696 3856 Lipsius:
716 3785 821 3842 audites
839 3791 951 3843 exitium
972 3794 1090 3847 senatui·
1109 3795 1193 3848 tauto

39 3901 42 3908 ¹
83 3927 85 3932 .
160 3887 222 3946 pest
241 3880 283 3962 αξτ
303 3891 393 3934 tactas
413 3879 467 3934 ut.
