2900 4706
233 214 301 335 494ι
462 279 469 290 ·
631 259 633 270 '
656 263 867 364 Auuatruru

7 387 8 432 l
83 453 111 536 (e
125 447 296 527 c.62.)vim
314 465 404 528 penes
427 416 557 509 Parthos
578 431 737 508 memorat.
777 423 820 512 Et
837 443 968 520 multum
988 443 1018 504 in
1032 441 1128 503 ricem
1146 438 1263 522 discep-

228 565 315 631 tato,
346 551 543 642 Monobazus¹
560 550 738 614 Adiabenus
756 553 788 613 in
816 544 895 613 diem
923 562 1077 634 posterum
1104 549 1188 612 testis
1220 547 1261 608 irs

226 682 305 744 quae
324 661 502 742 pepigissent
523 657 696 722 adhibetur.
738 656 916 740 Placuitque
937 657 1057 718 liberari
1074 654 1191 718 obsidio
1203 639 1258 714 ¹ls-

227 771 351 854 giones,
372 781 402 830 et
426 766 577 830 decedere
597 785 720 826 omnem
736 764 862 824 militem
888 765 999 826 finibus
1019 763 1274 833 Armeniorum,x

227 875 408 958 castellaque
429 886 459 937 et
478 883 659 936 commeatus
680 873 803 934 Parthis
823 871 924 952 tradi,
950 873 1058 954 quibus
1078 869 1256 954 perpetratis
1276 861 1299 923 5

226 983 315 1066 copia
335 981 478 1064 Vologesi
498 982 584 1042 fieret
605 965 745 1042 mittendi
765 978 805 1040 ad
829 980 983 1040 Neronem
1003 977 1129 1063 legatos.
1172 956 1317 1038 tate-15

228 1090 288 1152 rim
318 1088 436 1151 flumini
467 1088 615 1149 Arsaniae
643 1089 685 1162 (is
716 1097 813 1148 castra
832 1085 1028 1168 praefluebat)
1055 1071 1182 1166 pontem
1200 1083 1260 1144 im·

227 1196 347 1280 posuit,
373 1197 473 1277 speeie
503 1193 560 1254 sibi
581 1191 659 1254 illud
689 1195 746 1253 iter
761 1191 962 1274 expedientis3
984 1191 1036 1270 sed
1054 1189 1260 1274 Partbiqua·

229 1305 255 1366 si
276 1303 489 1364 documentum
512 1291 658 1364 victoriae
677 1301 835 1392 iusserant.
879 1301 1014 1382 Namque
1036 1301 1072 1360 iis
1092 1298 1159 1358 usui
1180 1296 1259 1376 tirit3

229 1397 324 1471 nostri
342 1431 399 1492 per
421 1408 576 1470 diversum
595 1408 667 1471 iere.
710 1405 829 1468 Additit
849 1424 955 1468 rumor
983 1404 1040 1468 sub
1061 1407 1166 1488 iugum
1185 1404 1261 1464 mis·
1284 1416 1321 1456 te

231 1539 279 1580 sus
297 1516 428 1600 legiones
449 1525 480 1576 et
501 1515 560 1576 alia
578 1535 611 1576 ex
628 1513 719 1578 rebus
742 1515 889 1590 infaustis,
914 1534 1044 1596 quorum
1066 1513 1261 1574 simulacrum

203 1631 204 1639 ’
231 1622 271 1684 ab
295 1623 445 1683 Armeniis
466 1630 647 1702 usurpatum
668 1631 723 1682 est.
765 1620 902 1702 Namque
938 1631 969 1681 et
994 1623 1181 1682 munimenta
1209 1623 1262 1682 iu·

231 1729 327 1810 gressi
355 1739 448 1804 snnt,
475 1713 641 1808 'antequam
672 1745 778 1808 agmen
816 1727 988 1788 Romanum
1022 1727 1198 1805 excederet,
1231 1737 1264 1788 et

195 1883 198 1892 ,
233 1837 458 1896 circumstetere
487 1835 574 1913 vias,
614 1837 731 1916 captiva
767 1835 840 1896 olim
872 1836 1020 1918 mancipia
1046 1846 1099 1897 aut
1127 1836 1264 1897 iumenta

164 1929 168 1934 ’
233 1955 427 2028 agnoscentes
447 1942 721 2026 abstrahentesque.
762 1941 877 2024 Raptae
895 1943 984 2006 etiam
1003 1953 1117 2022 vestes,
1146 1951 1261 2004 retenta
1280 1928 1325 1994 15

235 2071 341 2130 arma,
363 2051 473 2132 pavido
493 2052 588 2140 milite
608 2059 640 2110 et
659 2049 860 2128 concedente,
883 2071 921 2111 ue
949 2071 1010 2133 qua
1033 2047 1141 2132 praelii
1173 2069 1263 2110 causa

235 2158 397 2220 exsisteret·
428 2156 594 2243 Vologeses
611 2158 704 2218 armis
725 2164 757 2218 et
775 2158 953 2238 corporibus
979 2177 1135 2219 caesorum
1158 2157 1265 2238 'aggre-

236 2265 330 2346 gatis,
354 2283 415 2343 quo
435 2261 550 2322 cladem
568 2273 707 2322 nostram
725 2273 905 2341 testaretur,
926 2265 993 2326 visu
1020 2263 1197 2347 fugientium
1219 2261 1265 2324 le·

229 2373 358 2452 *gionum
376 2369 530 2435 abstinuit.
571 2368 667 2429 Fama
687 2367 906 2440 moderationis
934 2371 1157 2454 quaerebatur,
1179 2379 1265 2451 post·

235 2497 328 2558 quam
351 2477 520 2558 superbiam
541 2475 724 2558 expleverat.
766 2475 896 2538 Flumen
920 2477 1080 2540 Arsaniam
1101 2478 1262 2560 elephanto
1281 2486 1320 2528 20

236 2584 390 2664 insidens,
411 2588 564 2668 proximus
584 2586 710 2668 quisque
729 2607 830 2668 regem
852 2587 882 2646 vi
907 2607 1055 2668 equorum
1084 2605 1260 2670 perrupere,

172 2676 174 2682 ¹
237 2695 309 2776 quia
329 2715 432 2754 rumor
456 2695 614 2755 incesserat
632 2703 759 2775 pontem
780 2714 932 2755 cessurum
956 2696 1042 2756 oneri
1072 2690 1143 2754 dolo
1169 2691 1264 2752 fabri·

237 2800 381 2860 cantium.
425 2801 487 2862 Sed
510 2805 563 2882 qui
588 2802 705 2884 ingredi
736 2803 801 2864 ausi
824 2812 910 2877 sunt,
941 2801 1075 2863 validum
1106 2813 1137 2863 et
1169 2800 1263 2862 lidum

237 2907 422 2968 intellexere.
450 2907 608 2968 -Ceternm
625 2909 750 2968 obsessis
766 2908 842 2972 adeo
871 2911 1105 2992 suppeditavisse
1121 2927 1189 2970 rem
1202 2895 1320 2974 fruiti

237 3017 418 3074 menteriam
440 3017 591 3090 constitit,
612 3026 647 3074 ut
666 3015 785 3076 horreis
812 3016 917 3097 ignem
936 3016 1117 3091 iniicereut,
1140 3023 1262 3073 eontra·
1278 2995 1321 3057 ²5

237 3139 297 3202 que
321 3118 490 3201 prodiderit
512 3119 646 3180 Corbulo
667 3121 795 3181 Parthos
814 3123 917 3204 inopes
946 3123 1121 3202 copiarum,
1160 3130 1189 3180 et
1209 3139 1264 3200 pa-

237 3226 312 3286 bulo
332 3227 437 3286 attrito
458 3226 614 3286 relicturos
634 3229 911 3308 oppugnationem,
933 3249 1032 3312 neque
1058 3249 1089 3288 se
1122 3227 1189 3308 plus
1209 3227 1265 3287 tri·

238 3332 292 3393 dni
320 3331 427 3393 itinere
459 3332 577 3392 afuisse.
630 3333 743 3394 Adiicit
773 3335 839 3394 iure
871 3335 1000 3396 iurando
1026 3331 1112 3406 Paeti
1142 3345 1266 3394 cautum

237 3437 317 3520 apud
338 3441 440 3522 sigua,
462 3437 652 3500 adstantibus
673 3441 709 3500 iis
729 3461 804 3522 quus
828 3439 1015 3504 testificando
1040 3461 1090 3502 rer
1111 3442 1257 3515 misisset,

207 3616 210 3630 Ι
240 3583 536 3610 Μ

329 3721 352 3771 7.
366 3709 501 3760 Arsnrriue
519 3707 644 3776 Lipsius:
661 3712 802 3764 Arsanias·
818 3713 898 3768 AM⁸.,
926 3713 989 3766 Mox
1003 3709 1172 3780 expedientis
1191 3710 1262 3762 Gro-
1281 3719 1284 3734 ¹
1300 3729 1304 3736 ·

239 3799 314 3850 tius:
332 3799 375 3850 M·
393 3815 452 3850 curn
470 3801 530 3852 allis
546 3805 719 3871 experientis.
739 3804 811 3858 idem
831 3826 855 3875 9.
870 3806 1057 3860 docimentum.

294 3897 349 3956 (aa.
368 3895 477 3966 affuisse
496 3896 557 3958 Ma,
576 3903 708 3951 mutatum
726 3900 756 3952 in
774 3899 999 3971 assuisse51uen
1019 3885 1113 3958 adisil,
