2862 4726
431 354 437 367 ¹
501 317 639 428 mu¹vss
685 364 776 428 cnr.
801 374 914 436 7-11.
1182 373 1241 440 aas

207 545 302 606 silium
319 547 564 632 apudCycladas
586 551 715 626 insulas,
737 574 804 615 mox
827 556 859 612 in
880 554 1049 615 continenti
1070 557 1181 615 risum.
1202 551 1279 619 Εἰ(ι
1295 542 1388 605 ‘23¹³

203 663 269 718 erat
290 657 408 718 iuvenis
429 655 510 718 haud
534 658 645 742 dispari
675 671 781 738 aetate,
802 661 984 742 quibusdam
999 661 1135 724 Caesaris
1150 661 1241 724 liber·

202 764 243 824 tis
262 764 345 826 velut
365 749 501 848 agnitus,
523 787 578 846 per
597 765 763 848 dolumque
784 767 1011 833 comitantibus.
1053 766 1242 834 Allicieban·

203 884 254 932 tur
274 871 371 954 ignari
402 871 482 932 fama
513 873 668 950 nominis,
690 884 720 934 et
745 876 893 954 promptis
911 876 1097 934 Graecorum
1128 873 1241 934 animis
1374 952 1381 963 Ι

165 980 244 1044 tad
265 989 345 1042 nov'a
367 991 398 1042 et
420 982 522 1040 miras
545 983 657 1074 quippe
677 981 812 1063 elapsum
843 981 1013 1058 custodiae,
1047 1001 1175 1064 pergere
1201 979 1271 1055 ad¹
1363 970 1372 997 ⁸

17 1085 19 1093 ’
67 1103 70 1112 '
202 1100 345 1174 paternos
370 1090 535 1162 exercitus,
560 1090 733 1172 Aegyptum
754 1099 807 1150 aut
840 1089 959 1150 Suriam
983 1091 1162 1150 invasurum
1190 1088 1243 1147 lih-
1310 1116 1315 1162 χ

141 1179 144 1184 ¹
203 1197 314 1281 geliant
335 1197 425 1260 simul
446 1197 681 1280 credebantque.
712 1203 774 1260 lam
801 1199 966 1260 iuventutis
987 1202 1156 1275 concursu,
1182 1199 1243 1258 iam

199 1297 332 1386 ¹publicis
353 1305 461 1368 studiis
485 1306 757 1390 frequentabatur,
785 1307 881 1367 laetus
896 1306 1110 1388 praesentibus
1126 1315 1156 1364 et
1177 1293 1265 1365 ina-¹

205 1416 289 1474 nium
305 1437 379 1496 spe,
403 1438 472 1476 cum
496 1418 633 1476 auditum
659 1417 689 1474 id
715 1418 858 1496 Poppaeo
879 1418 1005 1479 Sabino.
1049 1416 1079 1476 ls
1105 1415 1245 1502 Macedo·

147 1543 185 1584 to
205 1525 275 1582 raiae
293 1535 358 1584 tum
384 1521 518 1582 intentus
542 1521 690 1580 Achaiam
717 1540 839 1600 quoque
868 1521 1005 1580 curabat.
1057 1521 1155 1600 Igitur
1182 1541 1244 1601 quo

66 1607 69 1614 ι
146 1695 151 1704 ,
177 1655 182 1670 ·
205 1651 277 1690 vera
299 1626 446 1702 seulalsa
467 1627 598 1701 antiret,
623 1629 820 1688 Toronaeum
843 1625 1113 1705 Thermaeumque
1143 1623 1244 1686 sinum

205 1737 438 1819 praeseminans,
462 1758 529 1796 mox
547 1736 707 1796 Euboeam
723 1735 836 1816 Aegaei
857 1735 952 1795 maris
975 1733 1115 1811 insulam,
1139 1746 1169 1795 et
1189 1735 1244 1796 Pi·
1293 1719 1297 1728 x

206 1862 327 1904 raecum
350 1846 467 1929 Atticae
491 1865 583 1918 orae,
604 1844 672 1904 dein
696 1843 907 1920 Corinthiense
926 1841 1012 1903 littus
1031 1844 1245 1927 angustiasque

207 1951 312 2012 Isthmi
333 1950 455 2011 evadit:
480 1951 616 2031 marique
638 1948 697 2009 alio
710 1949 882 2029 Nicopolim
904 1949 1073 2008 Romanam
1094 1949 1246 2010 coloniam

150 2072 187 2134 15
209 2061 382 2142 ingressus,¹
424 2061 463 2119 ibi
502 2059 625 2118 demum
654 2061 806 2143 cognoscit
837 2057 990 2120 sollertius
1025 2060 1263 2142 interrogatum·

204 2167 341 2247 quisnam
370 2156 594 2254 lorch-dixisse
615 2167 722 2226 Marco
750 2164 855 2225 Silano
891 2169 1049 2250 genitum,
1079 2179 1113 2254 et
1141 2165 1246 2228 multis

204 2282 385 2332 sectatorum
408 2271 532 2356 dilapsis
547 2273 736 2334 adscendisse
750 2295 868 2349 navem,
888 2283 1034 2357 tanquam
1056 2274 1174 2337 ltaliam
1190 2296 1245 2358 pe-

203 2391 292 2442 teret.
356 2383 546 2464 Scripsitque
575 2382 649 2452 haec
678 2383 812 2447 Tiberio.
868 2379 979 2465 Neque
1011 2391 1066 2445 nos
1096 2387 1244 2468 originem

200 2488 336 2552 finemve
356 2491 419 2550 eius
442 2493 486 2552 rei
507 2489 586 2550 ultra
607 2491 822 2571 comperimus.

147 2603 198 2683 11
290 2600 381 2660 Exitu
401 2601 475 2661 anni
500 2599 552 2658 diu
576 2609 663 2660 aucta
684 2597 837 2658 discordia
852 2600 1011 2662 consulum
1033 2601 1142 2682 erupit.
1166 2597 1245 2663 Nam

207 2710 304 2782 Trio,
336 2705 441 2778 facilis,
460 2706 651 2791 capessendis
679 2705 840 2765 inimicitiis
873 2715 904 2764 et
930 2706 997 2767 foro
1020 2709 1188 2788 exercitus,
1211 2719 1246 2769 ut
1279 2771 1285 2779 ,

208 2835 331 2900 segnem
344 2816 494 2900 Regulum
516 2815 553 2876 ad
580 2815 794 2897 opprimendos
817 2815 919 2875 Seiani
947 2813 1099 2874 ministros
1121 2813 1246 2897 oblique

208 2928 436 3008 perstrinxerat.
464 2925 520 2988 lllc
542 2928 597 2986 nisi
619 2925 814 2988 lacesseretur
828 2923 992 2984 modestiae
1012 2923 1158 3000 retinens,
1182 2945 1244 2984 non

208 3036 300 3118 modo
325 3037 452 3110 rcttudit
472 3035 637 3118 collegam,
660 3035 711 3096 sed
732 3045 766 3094 ut
799 3033 922 3094 noxium
955 3009 1172 3093 coniurationis
1206 3031 1246 3092 ad

148 3145 189 3204 25
210 3141 453 3222 disquisitionem
489 3141 639 3201 trahebat.
700 3138 865 3222 Multisque
909 3148 1031 3219 patrum
1064 3138 1243 3215 orantibus,

209 3261 351 3328 ponerent
378 3251 445 3309 odia
471 3253 501 3309 in
524 3250 692 3330 pernicicm
714 3249 813 3325 itura,
845 3268 981 3310 mansere
999 3246 1109 3308 infensi
1130 3267 1165 3310 ac
1187 3248 1245 3308 rni-

208 3357 364 3434 nitantcs,
387 3361 483 3420 donec
508 3359 685 3441 magistratu
706 3357 833 3418 abirent.

462 3611 465 3620 .
558 3559 679 3644 aranu
708 3559 880 3620 sexsus.

280 3693 473 3754 breuiarium..
502 3697 607 3750 Tiberii
630 3709 744 3750 arcanae
764 3707 792 3750 et
810 3695 906 3750 foedae
924 3698 1063 3750 libidines.
1093 3696 1242 3750 Multorum

210 3793 415 3851 restructiones,
434 3793 561 3861 interque
582 3809 627 3844 eos
644 3792 729 3844 Marci
753 3791 878 3844 Terentii
902 3790 1147 3862 equitiallomaai,
1166 3797 1242 3848 cuius

302 3953 324 4000 5.
346 3952 450 4021 lapsum
468 3953 512 4016 M;
531 3957 651 4024 clapsum
670 3954 815 4006 Rhenanus
834 3962 862 4005 et
882 3955 996 4024 Lipsius.
1094 3946 1097 3952 ¹

300 4065 324 4113 9.
342 4047 466 4115 pentpeio
486 4055 513 4098 et
530 4047 601 4100 inira
621 4049 674 4110 Vl,
693 4051 735 4115 39.
753 4048 902 4118 poppacius
921 4049 956 4101 M.
