2862 4726
474 291 552 353 un.
574 291 629 353 vr.
664 293 763 356 rcnr.
786 297 921 362 ars-rs.
1053 257 1056 268 ’
1159 301 1219 363 aas

182 495 252 534 rum
275 472 370 546 multa
391 496 481 558 super
503 499 539 537 eo
559 479 707 540 miraculo
729 480 909 540 disserendi.
954 481 1000 542 De
1015 480 1126 562 quibus
1146 488 1257 560 con-(a
1280 485 1370 556 034.)

80 661 90 669 .
180 592 295 664 gruunt
306 613 322 658 ,x
332 592 361 642 et
384 581 471 663 plura
494 583 636 665 ambigua
658 585 712 646 sed
735 586 857 667 cognitu
879 606 941 646 non
967 585 1118 661 absurda,
1147 609 1223 672 pro·

180 710 263 750 mere
284 689 369 750 libet.
413 691 538 750 Sacrum
558 690 615 752 soli
641 691 672 752 id
697 691 832 770 animal,
870 703 900 754 et
934 713 990 754 ore
1014 713 1049 752 ac
1079 694 1225 756 distinctu

182 801 349 880 pinnarum
372 820 389 860 a
410 801 517 860 ceteris
540 801 649 860 nvibus
671 799 828 862 diversum
856 803 1053 872 consentiunt
1084 803 1138 882 qui
1161 783 1246 862 for-¹

142 899 263 968 &mam
276 909 339 970 eius
355 905 512 966 definiere.
554 909 601 966 De
619 927 748 968 numero
770 926 923 967 annorum
943 908 1027 970 varia
1048 905 1224 974 traduntur.

181 1017 313 1082 Maxime
333 1013 489 1096 vulgatum
513 1015 754 1096 quingentorum
777 1016 931 1094 spatium:
966 1025 1039 1076 sunt
1057 1015 1121 1096 thl
1144 1035 1224 1076 asse·

75 1188 78 1194 ,
166 1127 292 1194 'vereat
326 1122 396 1182 mile
419 1121 657 1203 quadringentos
679 1122 830 1204 sexaginta
852 1143 950 1182 unum
973 1122 1116 1200 interiici,
1137 1123 1223 1205 prio·

180 1253 288 1313 resque
310 1233 399 1293 alites
420 1231 589 1290 Sesostride
610 1231 765 1312 primum,
787 1243 856 1312 post
873 1233 1016 1294 Amaside
1031 1231 1225 1309 ,dominanti-

153 1379 160 1387 ·
180 1341 251 1420 bus,
273 1341 342 1401 dein
366 1340 540 1400 Ptolemaeo
564 1343 673 1420 quiex
698 1340 917 1430 Macedonibus
937 1347 1048 1401 tertius
1068 1342 1222 1422 regnavit,
1312 1334 1316 1343 ’

123 1472 159 1513 io
180 1450 214 1511 in
236 1451 389 1514 civitatem
412 1449 461 1508 eui
481 1443 650 1526 Heliopolis
672 1466 783 1506 nomen
813 1446 1021 1518 advolavisse,
1045 1448 1143 1510 multo
1173 1467 1225 1508 ce·

178 1567 316 1620 terarum
338 1557 497 1618 voluerum
519 1557 672 1616 comitatu¹
688 1573 800 1612 novam
825 1553 932 1614 lecim
954 1555 1142 1616 mirantium.
1163 1556 1225 1618 Sed
1298 1557 1301 1561 ’

160 1664 344 1750 'antiquitas
366 1663 490 1744 quidem
516 1661 668 1722 obscura:
691 1661 775 1720 inter
797 1658 1009 1719 Ptolemaeum
1041 1682 1077 1723 ac
1099 1663 1224 1725 Tiberi.

178 1791 232 1830 um
274 1770 375 1828 minus
411 1765 536 1828 ducenti
586 1765 809 1846 quinquaginta
838 1754 911 1824 anni
941 1764 1079 1828 fuerunt.
1132 1767 1226 1846 Unde

179 1875 322 1952 nonnulli
345 1875 454 1936 salsum
479 1874 564 1936 hunc
585 1872 762 1954 phoenicem
788 1893 888 1954 neque
910 1872 1052 1934 Arabum
1089 1897 1106 1938 e
1135 1879 1225 1940 terris

113 1965 360 2059 ,15‘crevliderej
382 1983 519 2065 nihilque
543 1982 736 2063 usurpavisse
758 2003 793 2042 ex
822 1981 886 2058 bis,
908 2004 986 2064 quae
1007 1993 1094 2047 vetus
1113 2007 1225 2048 memo·

178 2097 224 2156 ria
247 2094 387 2154 firmavit.
409 2143 411 2156 ‚
431 2092 578 2152 Confecto
600 2093 714 2179 quippe
736 2111 886 2180 annqrum
909 2113 1049 2166 numero,
1073 2093 1128 2154 ubi
1142 2117 1224 2158 mors

119 2269 123 2278 2
176 2203 381 2286 propinquet,
404 2201 466 2261 suis
487 2200 518 2260 in
540 2199 635 2259 terris*
654 2209 775 2259 struere
801 2197 932 2276 nidum,
964 2200 1054 2282 eique
1084 2202 1148 2262 vim
1169 2225 1222 2287 ge·

177 2310 301 2374 nitalem
322 2301 501 2381 effundere,
525 2329 559 2368 ex
585 2329 645 2388 qua
667 2293 875 2379 fetum'oriri3
898 2318 928 2373 et
954 2311 1085 2389 primam
1115 2311 1222 2374 adulto

177 2441 283 2480 curam
318 2417 482 2500 sepeliendi
515 2417 625 2498 patris,
661 2437 761 2497 neque
799 2415 830 2475 id
857 2425 985 2493 temere,
1016 2417 1069 2480 sed
1100 2418 1221 2482 sublato
1324 2475 1325 2482 ,

118 2551 158 2592 20
179 2527 324 2590 murrhae
345 2526 477 2608 pondere
502 2533 680 2604 tentatoque
697 2545 751 2604 per
769 2522 895 2604 longum
917 2525 987 2601 iter,
1008 2523 1064 2608 ubi
1084 2548 1138 2608 par
1152 2548 1221 2588 one

178 2639 219 2714 ri,
242 2658 297 2718 par
318 2635 434 2694 meatui
453 2634 502 2708 sit,
524 2631 627 2692 subire
649 2632 779 2710 patrium
796 2651 905 2710 corpus
927 2635 1018 2712 inque
1039 2631 1111 2694 solis
1135 2655 1222 2697 aram

177 2745 316 2827 perferre
336 2753 429 2825 atque
461 2741 592 2806 adolere.
637 2739 720 2822 Haep
742 2739 858 2801 ineerta
889 2753 920 2802 et
940 2737 1086 2802 sabulosis
1107 2751 1218 2832 aucta:

176 2863 312 2912 ceterum
329 2831 428 2931 'aspici
450 2847 617 2932 aliquando
637 2849 668 2906 in
690 2838 830 2930 Aegypto
867 2867 933 2908 eam
970 2845 1130 2928 volucrem
1157 2869 1221 2912 non

175 2956 351 3040 ambigitur.
756 2957 759 2962 ‘

116 3067 173 3152 29
259 3065 302 3124 At
323 3067 438 3126 Romae
459 3064 551 3126 caede
572 3065 736 3140 continua,
759 3063 947 3145 Pomponius
975 3062 1097 3144 Labeo,
1127 3087 1220 3148 quem

176 3173 341 3256 praefuisse
369 3172 501 3252 Moesiae
538 3171 662 3246 rettuli,
685 3193 739 3254 per
761 3173 906 3260 abruptas
927 3195 1020 3240 venas
1041 3178 1222 3262 sanguinem

175 3281 300 3361 effudit3
323 3275 534 3362 aemulataque
553 3291 597 3342 est
617 3283 747 3356 eoniunx
769 3281 898 3347 Paxaea.
952 3282 1032 3344 Nam
1060 3295 1219 3366 promptas

176 3391 323 3452 eiusmodi
346 3401 458 3452 mortes
480 3399 578 3449 metus
595 3386 746 3450 carnificis
766 3374 968 3466 faciebamt
988 3391 1060 3472 quia
1081 3391 1218 3458 damnati

174 3496 335 3582 publicatis
355 3498 445 3560 bonis
468 3496 624 3579 sepultura
645 3495 900 3578 prohibebantur,
929 3519 1035 3558 eorum
1056 3501 1109 3580 qui
1127 3499 1166 3561 de
1185 3522 1218 3564 se

117 3606 157 3667 30
174 3606 352 3668 statuebant
386 3604 596 3676 humabantur
614 3658 616 3666 .
632 3596 783 3686 corpora,
813 3605 983 3668 manebant
1019 3615 1215 3689 testamenta,

263 3843 286 3894 5.
307 3840 452 3916 definiere]
474 3841 617 3914 deffiniere
635 3843 677 3907 M3
697 3843 816 3894 correxit
834 3844 999 3916 Beroaldus„

262 3937 287 3989 8.
311 3937 393 3992 alites
413 3937 576 4012 Sesostride]
595 3940 680 3993 aliter
695 3955 751 3994 erse
769 3937 871 4007 rosids3
889 3941 1008 3996 correxit
1027 3941 1182 3996 Rhenanus.
