2826 4730
1139 239 1146 269 t

229 279 290 342 166
339 277 351 296 ‘
659 276 878 335 ultanum

73 459 104 528 (a
116 462 147 518 c.
159 465 214 536 n.)
229 469 346 520 vetusta
365 461 398 518 in
417 461 517 540 partis
537 461 648 519 merita
670 467 704 519 et
724 480 831 518 recens
853 459 915 518 diu'
948 461 1079 541 Augusti
1110 455 1285 518 decretum

222 567 369 640 attulere,
393 565 511 626 laudati
532 566 617 649 quod
636 567 826 627 Parthorum
848 569 1051 649 irruptionem
1072 566 1149 628 nihil
1165 577 1267 626 muta-

221 688 253 737 ta
282 679 315 736 in
352 677 502 758 populum
530 681 704 738 Romanum
733 681 905 739 constantia
944 677 1149 760 pertulissent.
1203 675 1266 737 Sed

221 782 511 866 Aphrodisiensium
536 789 644 849 civitas
665 789 817 858 Veneris.
838 787 1109 848 Stratonicensium
1133 789 1216 847 Iovis
1236 796 1267 846 et

221 894 345 954 Triviae
364 893 541 976 religionem
563 896 741 956 tuebantur.
786 893 888 954 Altius
902 895 1201 954 Hierocaesarienses
1220 891 1307 952 ert-5

220 1024 376 1084 posuere,
398 1003 553 1062 Persicam
574 1001 654 1084 apud
678 1021 711 1062 se
733 1003 886 1077 Dianam,
906 1001 1070 1061 delubrum
1090 981 1163 1080 rege
1183 999 1268 1082 Cyro

220 1112 376 1188 dicatum3
398 1121 428 1171 et
460 1109 708 1170 memorabantur
727 1110 924 1191 Perpernae,
954 1108 1085 1170 Isaurici
1108 1107 1268 1188 multaque

220 1219 280 1282 alia
300 1222 524 1304 imperatorum
543 1222 680 1298 numina,
701 1222 755 1303 qui
778 1243 840 1280 non
861 1221 954 1281 modo
977 1219 1093 1301 templu
1113 1216 1167 1276 sed
1187 1215 1282 1278 duo--

220 1327 279 1389 bus
299 1327 422 1388 milibus
440 1349 587 1410 passuum
603 1308 733 1390 eundem
758 1329 946 1388 sanctitatem
961 1325 1155 1384 tribuerant-
1185 1325 1264 1384 Exin

220 1436 324 1517 Cyprii
352 1435 452 1496 tribus
492 1434 652 1514 delubris,
690 1457 823 1518 quorum
858 1435 1094 1494 vetustissimum
1129 1431 1265 1512 Paphiae
1292 1455 1330 1494 ro

221 1541 335 1604 Veneri
355 1554 463 1604 auctor
474 1543 594 1618 Aerias,
615 1554 685 1626 post
703 1544 782 1604 filius
802 1545 867 1604 eius
882 1542 1032 1604 Amathus
1044 1541 1158 1600 Veneri
1171 1542 1265 1599 Amu-

219 1652 361 1730 thusiae,
382 1663 414 1714 et
435 1654 500 1714 lovi
523 1651 693 1715 Salaminio
719 1655 858 1730 Teucer,
891 1651 1068 1712 Telamonis
1097 1650 1190 1732 patris
1218 1653 1265 1710 ira

219 1761 386 1843 profugus,
414 1761 596 1842 posuissent.
637 1761 772 1822 Auditae
793 1762 923 1822 aliarum
944 1780 1068 1842 quoque
1095 1749 1327 1825 civitatiumssss

219 1867 397 1951 legationes.
450 1871 595 1947 Quorum
626 1871 714 1952 copia
741 1871 811 1932 fessi
842 1882 960 1954 patres,
989 1881 1020 1930 et
1051 1869 1122 1950 quia
1158 1867 1265 1928 studiis

110 2046 126 2066 ἡ
148 2020 151 2027 .
222 1977 419 2053 certabatur,
440 1975 616 2037 consulibus
636 1973 824 2058 permisere,
843 1985 878 2036 ut
894 1983 1057 2056 perspecto
1077 1974 1169 2050 iure,
1188 1987 1218 2035 et
1239 1977 1263 2035 si
1289 1975 1328 2034 {5

220 2105 282 2164 qua
301 2085 446 2166 iniquitas
465 2083 693 2163 involveretur,
711 2105 780 2145 rem
798 2086 950 2166 integrum
971 2101 1097 2142 rursum
1115 2083 1156 2142 ad
1178 2105 1265 2144 sena-

221 2201 291 2251 tum
311 2192 473 2258 referrent.
514 2189 664 2252 Consules
684 2211 781 2272 super
812 2212 861 2251 eas
882 2190 1022 2250 civitates
1050 2211 1126 2271 quas
1148 2207 1266 2249 memo*

222 2301 312 2379 ravi,
332 2300 414 2382 apud
433 2299 619 2381 Pergamum
647 2297 823 2381 Aesculapii
843 2309 1032 2381 compertum
1061 2299 1178 2379 asylum
1203 2309 1265 2360 ret-

220 2403 378 2466 tulerunt:
402 2416 518 2466 ceteros
535 2405 674 2468 obscuris
694 2405 736 2466 ob
754 2415 939 2466 vetustatem
961 2404 1058 2464 initiis
1078 2405 1145 2464 niti.
1189 2405 1265 2464 Nam

220 2515 409 2596 Zmyrnaeos
430 2511 588 2574 oraculum
607 2511 776 2596 Apollinis,
799 2516 885 2575 cuius
909 2515 1039 2595 imperio
1068 2512 1265 2596 Stratonicidi
1285 2539 1329 2599 ao¹

221 2623 336 2683 Veneri
355 2621 503 2705 templum
523 2621 715 2700 dicaverint,
746 2624 861 2684 Tenios
894 2622 1029 2682 eiusdem
1061 2609 1185 2681 carmen
1214 2641 1266 2678 re-

222 2728 324 2808 ferre,
346 2749 408 2812 quo
428 2749 550 2792 sacrare
571 2730 703 2812 Neptuni
734 2729 864 2811 effigiem
891 2729 1059 2810 aedemque
1090 2730 1162 2789 iussi
1192 2731 1264 2796 ‚sinc

221 2835 374 2916 Propiora
412 2835 602 2898 Sardianus:
623 2835 788 2896 Alexandri
809 2837 934 2896 victuris
956 2835 989 2896 id
1007 2835 1143 2896 donum:
1166 2857 1287 2917 neque

221 2946 323 3004 minus
344 2945 477 3007 Milesios
500 2948 601 3008 Dareo
621 2967 692 3027 rege
708 2946 775 3006 niti.
799 2945 858 3006 Sed
880 2945 980 3008 cultus
995 2948 1155 3007 numinum
1173 2946 1267 3005 utris-

221 3073 282 3133 que
303 3053 434 3112 Dianam
456 3062 509 3112 aut
531 3049 704 3132 Apollinem
728 3027 903 3112 reuerendi.
947 3054 1059 3114 Petere
1090 3064 1120 3112 et
1138 3053 1265 3112 Creten·
1285 3066 1327 3126 25

175 3225 192 3242 ἡ,
220 3179 267 3218 ses
290 3157 454 3218 simulacro
482 3158 546 3218 diri
577 3161 715 3240 Augusti.
766 3159 925 3242 Factaque
952 3171 1073 3222 senatus
1102 3161 1273 3237 consulta,

220 3264 289 3347 quis
302 3265 399 3327 multo
412 3287 482 3328 eum
499 3266 617 3328 honore
633 3267 853 3332 mutlttstutuuu
871 3259 1151 3348 praesumebatur,
1173 3271 1265 3332 iussi·

309 3587 333 3640 7.
348 3589 506 3642 perpenna·
524 3574 564 3632 Μ.

233 3690 237 3695 -
289 3681 333 3719 ao.
352 3665 562 3734 summisit:
598 3669 769 3736 zmyrnam
803 3670 960 3726 Bekteuu:
986 3673 1067 3742 vulgo
1090 3643 1267 3744 Smyinaees.

219 3774 307 3840 aarum
326 3763 384 3814 uici
402 3759 486 3817 divae
504 3764 604 3816 veneri
621 3765 668 3828 M;
689 3766 807 3816 correxit
826 3767 982 3820 Rhenanus.

290 3859 334 3912 23.
353 3857 488 3925 propiora
509 3859 695 3914 estatinae«
715 3873 812 3916 nostra
832 3865 963 3916 anemoria
981 3879 1096 3925 remota.

291 3952 333 4019 ²4·
351 3950 435 4006 dureo
454 3956 515 4028 regi
533 3957 577 4008 uti
595 3957 641 4025 M;
664 3959 722 4012 uiti
739 3959 815 4014 dedit
834 3959 956 4032 Lipsius.
