2862 4730
407 312 410 320 ¹
480 279 560 370 ‘Lm
589 303 628 369 n.
673 301 953 371 cunta-15³
1155 304 1194 368 77

152 479 257 552 mensa
277 489 487 552 barbarorum
509 499 613 563 scuta,
636 490 766 550 enormis
787 489 890 550 hastas
910 489 990 548 inter
1012 495 1137 547 truncos
1148 507 1198 546 nr·
1210 483 1238 556 (a
1250 486 1283 542 C·
1296 483 1347 555 16.)

151 599 261 660 borum
281 607 313 658 et
332 607 421 659 enata
442 598 537 658 humo
569 597 702 680 virgulta
730 596 862 678 perinde,
890 595 996 656 habeti
1027 615 1117 678 quam
1137 593 1200 678 pila

151 717 182 766 et
202 703 320 787 gladios
346 717 376 768 et
396 707 553 768 haerentia
566 705 697 786 'corpori
719 705 865 788 tegmina.
911 705 1089 764 ‘Denserent
1108 705 1198 776 irtus,

134 833 208 873 *ora
231 811 430 877 mucronibus
451 822 655 893 quaererent:
691 832 753 870 non
777 806 902 869 loricam
925 812 1105 888 Germano,
1137 829 1200 870 tion

122 921 296 1004 5gaieam3
331 943 370 984 ne
392 931 478 986 scuta
500 921 622 1003 quidem
644 921 728 982 ferro
754 941 889 982 nervove
909 919 1047 991 firmata,
1084 914 1136 991 sod
1154 917 1202 1009 vi·

151 1031 270 1117 minum
291 1041 390 1092 textus
410 1028 459 1092 nei
478 1031 577 1090 tenuis
596 1029 710 1090 fucatas
731 1027 833 1088 eolore
853 1025 989 1112 tabulas:
1010 1027 1140 1107 primam
1153 1035 1203 1085 ut·

103 1153 105 1158 ’
151 1159 275 1220 cunque
290 1140 393 1198 'aciem
420 1137 592 1213 hasteriam,
630 1137 737 1198 ceteris
769 1148 909 1219 praeusta
929 1145 983 1196 aut
1003 1133 1108 1195 brevia
1129 1131 1203 1194 teia.

153 1249 221 1309 lam
246 1267 356 1328 corpus
378 1255 415 1305 ut
439 1249 507 1306 visu
527 1257 653 1306 torvum
676 1256 706 1305 et
727 1225 768 1305 ari
791 1245 927 1306 brevem
947 1247 1095 1325 impetum
1125 1241 1205 1303 vaii-

153 1353 252 1431 dnm,
284 1351 331 1414 sic
363 1350 447 1412 nulia
466 1350 631 1412 vulnerum
654 1353 822 1432 patientia:
854 1353 920 1413 sine
947 1352 1063 1434 pudore
1082 1350 1203 1434 flagitii,

112 1464 226 1522 rosiae
245 1481 319 1521 cura
340 1459 453 1520 ducum
475 1459 559 1520 abire
579 1452 705 1542 fugere3
729 1459 859 1541 pavidos
880 1461 1038 1540 adversis,
1061 1461 1141 1520 inter
1157 1481 1205 1523 se·

157 1567 259 1628 cunda
280 1587 342 1627 non
363 1565 478 1644 diviui,'
503 1579 572 1646 non
597 1565 725 1626 humani
746 1568 821 1628 iuris
841 1587 997 1630 memores.
1049 1568 1082 1628 Si
1103 1568 1220 1630 taedio'

159 1675 287 1736 viarum
308 1696 343 1735 ae
365 1675 458 1734 maris
476 1673 571 1750 tinem
592 1675 718 1755 cupiant
726 1719 736 1753 ,
758 1675 817 1736 hac
839 1679 906 1738 acie
926 1678 1049 1759 parari:
1082 1679 1219 1759 propio·'

157 1802 227 1844 rem
248 1783 310 1842 iam
332 1777 452 1870 Albim¹
467 1799 560 1860 qnam
579 1777 744 1856 Rhenum,
767 1801 867 1870 neque
890 1782 1007 1844 bellum
1027 1783 1119 1864 nitra,
1145 1807 1207 1848 mo·

158 1890 201 1951 do
224 1911 279 1964 se,
305 1887 398 1970 patris
420 1887 584 1970 patruique
604 1888 729 1970 vestigia
749 1901 958 1971 prementem,
982 1893 1110 1955 isdem'
1101 1917 1133 1956 m
1143 1906 1207 1958 ter

102 1985 200 2065 15ιίε
221 1999 368 2059 victorem
390 1999 541 2058 sisterent.
598 1997 782 2059 Orationem
814 1999 899 2061 ducis
925 2013 1046 2063 secutus
1074 1998 1208 2066 miiitum
1296 2007 1298 2014 ’

123 2108 280 2186 ·‚ordor
306 2108 486 2189 signumque
507 2129 625 2190 pugnae
645 2107 761 2170 datum.
815 2109 882 2171 Neo
900 2112 1061 2173 Arminius
1082 2123 1136 2173 eut
1156 2133 1207 2174 ce-

158 2217 221 2278 teri
243 2217 467 2276 Germanorum
488 2235 627 2295 proceres
652 2215 839 2276 omittebant
862 2239 930 2278 suos
951 2240 1079 2302 qutsque
1089 2221 1207 2301 testam,
1292 2257 1295 2264 ,

159 2321 218 2384 hos
240 2341 303 2382 esse
324 2321 478 2382 Romanos
499 2321 629 2400 Variani
655 2323 803 2400 exereitus
831 2323 1061 2405 fugacissimos,
1087 2327 1141 2408 qui
1169 2349 1208 2390 ne
1235 2339 1238 2346 '

163 2428 281 2491 bellum
303 2427 491 2504 tolerarent,
513 2425 694 2490 seditionem
704 2429 879 2504 induerint;
902 2454 1032 2514 quorum
1046 2457 1118 2516 pars
1130 2457 1209 2496 onu-

111 2561 153 2620 30
166 2543 211 2594 sta
234 2531 411 2595 vulneribus
430 2541 533 2614 terga',
564 2555 633 2614 pars
654 2532 795 2596 fluctibus
814 2547 844 2596 et
868 2537 1008 2618 procellis
1029 2538 1144 2600 fractos
1159 2545 1209 2601 nr·
1244 2546 1246 2554 ’

164 2653 214 2704 tus
239 2643 363 2704 infensis
387 2660 510 2706 rursum
532 2640 849 2715 irostibns‚'adversis
871 2645 1101 2724 disvobiiciant,
1123 2645 1210 2733 nulia

157 2737 239 2812 noni
260 2773 322 2833 spe.
342 2740 349 2754 ⁸
373 2749 508 2812 Classem
540 2752 657 2832 quippe
681 2759 711 2811 et
737 2752 806 2810 avie
828 2753 945 2812 Oceani
976 2755 1128 2834 quaesita,
1169 2775 1209 2816 ne

119 2871 126 2878 '
166 2859 235 2940 quis
257 2859 451 2920 venientibus
470 2869 662 2932 occurreret,
687 2879 727 2920 ne
746 2856 851 2942 pulsos
873 2863 1046 2948 premeret:
1079 2861 1132 2924 sed
1155 2863 1210 2926 ubi

166 3009 464 3024 m„

237 3117 281 3152 an.
302 3113 409 3181 tergum
428 3099 472 3149 M:
492 3111 572 3170 terga
589 3103 721 3154 Muretus.
739 3103 903 3171 —Proprie
922 3121 1039 3175 corpora
1054 3123 1110 3158 uon
1129 3116 1210 3175 terga

170 3194 299 3248 hostibus
320 3211 351 3246 ac
368 3193 500 3264 periculis
521 3195 607 3248 obiici
627 3195 773 3261 dicuntur,
793 3197 841 3249 sed
861 3197 926 3268 quia
939 3203 1054 3252 verbera
1063 3201 1120 3252 iere
1135 3210 1209 3268 tergo

171 3292 357 3359 accipiuntur,
379 3292 453 3344 'inde
478 3293 596 3362 vulgaris
623 3291 727 3342 locutio
744 3281 857 3362 panium
875 3301 979 3349 uranu
998 3302 1045 3346 est.
1082 3269 1211 3349 Ceterum

174 3397 254 3458 terga
271 3400 334 3438 vere
353 3403 368 3438 a
387 3388 496 3440 Mureto
518 3393 667 3440 correctum
687 3373 746 3440 'esse
765 3403 799 3438 ex
819 3387 947 3458 opposito
959 3391 1087 3442 *membro
1097 3393 1221 3464 fracture
1241 3371 1260 3420 Ἰ

171 3491 248 3532 artus
265 3487 387 3550 apparet.
430 3482 530 3552 Orator
557 3481 689 3534 barbarus
707 3483 869 3552 simpliciter
888 3482 978 3535 dicere
1000 3487 1092 3552 potnit
1109 3487 1210 3540 Romo·

171 3592 408 3648 norumeorpora
427 3579 747 3633 veimilites'Romanos
766 3577 927 3632 verberibus
954 3587 983 3630 et
1007 3580 1136 3632 fluetibus
1163 3583 1212 3634 de-

171 3667 297 3738 fatigatos
316 3689 392 3737 esse,
410 3673 469 3740 sed
495 3691 544 3744 pro
563 3673 638 3726 hisce
657 3675 755 3728 intulit
772 3675 939 3744 singularum
954 3676 1072 3746 partium
1091 3694 1212 3730 comme·

172 3767 372 3830 metationem,
391 3785 445 3835 qna
463 3768 639 3824 auditoribus
656 3771 696 3824 tei
717 3771 805 3840 imago
824 3770 1042 3828 luculentissima
1061 3772 1097 3838 ob
1117 3775 1211 3824 oculos
1273 3814 1276 3822 .

172 3868 329 3926 poneretur.
373 3863 435 3916 Non
461 3861 533 3916 bene
558 3874 652 3948 contra
680 3866 784 3920 Mureti
809 3849 1030 3922 emendationem
1059 3867 1212 3938 disputavit

174 3954 337 4010 waltherus.
