2826 4730
247 337 305 434 nc
648 364 873 432 lunanum

98 565 127 631 (a
149 560 175 612 C.
195 513 294 634 rpperi
322 550 443 610 liberos.
490 516 697 610 Misericordia
721 571 792 610 cum
824 549 1037 610 accusantibus
1058 553 1138 628 erit3
1169 553 1284 634 fingen-

241 657 384 739 tibusque
408 656 532 718 scelesta
561 657 705 718 mandata
734 670 787 719 aut
813 680 873 718 non
899 657 1024 717 credent
1047 657 1208 736 homines,
1231 671 1283 720 aut

243 785 303 824 non
326 768 513 846 ignoscentf‘
541 770 683 828 luravere
698 767 806 842 amici,
830 766 965 828 dextram
989 769 1145 828 morientis
1166 771 1282 828 contin-

240 843 516 954 gentessspiritum
533 885 603 933 ante
624 895 717 956 quam
739 871 885 957 ultionem
923 876 1097 939 amissuros.
1140 876 1222 934 Tum
1242 871 1332 951 ad'ffl

241 1004 367 1042 uxorem
390 981 496 1043 versus
518 1003 575 1064 per
600 986 775 1045 memoriam
801 987 871 1060 sui,
892 1003 948 1062 per
967 1001 1141 1069 communes
1168 981 1277 1042 liberos
1299 976 1314 1035 5

240 1091 357 1165 oravit,
387 1101 509 1150 exueret
543 1089 709 1167 ferociam,
747 1092 894 1152 saevienti
921 1091 1061 1150 fortunae
1092 1083 1296 1152 submitteret.

240 1197 394 1274 animum,
426 1218 486 1256 neu
517 1217 650 1278 regressa
682 1201 712 1260 in
746 1199 858 1260 urbem'
895 1197 1099 1260 aemulatione
1131 1201 1282 1278 potentiae

239 1303 401 1366 validiores
423 1307 567 1378 irritaret.
609 1307 691 1369 Haec
708 1306 827 1388 palam,
849 1317 879 1368 et
895 1308 955 1366 alia
970 1317 1104 1379 secreto,
1127 1326 1183 1386 per
1204 1325 1281 1386 quac

238 1415 395 1476 ostendere
425 1415 607 1476 credebatur
632 1417 749 1477 metum
780 1437 815 1476 ex
856 1413 996 1483 Tiberio.
1051 1416 1157 1494 Neque
1186 1411 1280 1473 multo

239 1535 308 1604 post
329 1526 529 1607 exstinguitur
552 1525 667 1605 ingenti
689 1525 773 1585 luctu
787 1523 967 1604 provinciae
985 1535 1016 1584 et
1037 1521 1280 1584 circumiacenti·
1302 1527 1332 1564 ¹⁰
1385 1578 1387 1588 s

238 1651 298 1732 ιιιμι]Ι
327 1629 517 1713 populorum.
570 1632 731 1694 indoluere
764 1642 886 1692 exterae
926 1611 1069 1692 'nationes
1104 1649 1277 1711 regesque:

238 1750 324 1802 tanta
348 1741 392 1801 illi
416 1744 544 1802 comitas
563 1743 596 1802 in
626 1743 739 1816 socios,
764 1737 968 1800 mansuetudo
990 1742 1021 1798 in
1053 1738 1174 1814 hostcs3
1198 1740 1279 1800 visu-

238 1871 298 1931 que
320 1861 349 1910 et
385 1849 491 1910 auditu
523 1851 604 1911 iuxta
635 1847 858 1924 venerabilis‚·
873 1867 944 1906 cum
983 1845 1224 1925 magnitudinem
1252 1854 1281 1904 et

237 1961 415 2040 gravitatem
438 1977 574 2018 summae
596 1957 736 2021 fortunae
759 1959 931 2030 retineret,
961 1951 1110 2012 invidiam
1132 1964 1162 2014 et
1185 1954 1278 2014 adro-

160 2094 162 2099 ·
237 2071 369 2146 gantiam
392 2063 549 2145 effugerat.
592 2067 697 2126 Funus
717 2068 782 2125 sine
802 2062 983 2142 imaginibus
1016 2071 1046 2122 et
1071 2081 1200 2144 pompa,
1224 2057 1329 2143 per73

237 2166 342 2232 laudes
361 2193 396 2230 sc
419 2171 597 2232 memoriam
615 2176 766 2233 virtutum
786 2172 850 2231 eius
875 2169 994 2231 celebre
1011 2168 1079 2231 fuit.
1122 2169 1164 2228 Et
1190 2180 1279 2230 erant

236 2279 289 2358 qui
321 2279 448 2338 formam
482 2278 610 2339 aetatem
649 2299 745 2359 genus
780 2280 909 2356 mortis,
940 2277 984 2371 pb
1019 2277 1278 2358 propinquitatem

236 2387 327 2446 etiam
353 2387 489 2448 locorum
520 2389 553 2444 in
577 2388 687 2468 quibus
721 2385 857 2456 interiit,
881 2377 981 2466 magni
1011 2385 1176 2450 Alexandri
1209 2385 1277 2446 fatis

236 2493 452 2575 adaequarent.
472 2486 569 2564 (Nam
594 2505 758 2576 utrumque
784 2513 911 2576 corpore
936 2493 1068 2570 decoro,
1090 2513 1201 2573 genere
1228 2495 1273 2552 in·

235 2601 330 2683 signi,
357 2603 438 2664 haud
464 2595 592 2675 multum
614 2598 739 2686 triginta
760 2625 855 2666 annos
871 2623 1034 2684 egressum,
1056 2601 1271 2669 suorumjnsi·
1291 2621 1326 2660 πο

236 2708 310 2786 diis,
335 2725 470 2774 externas
490 2717 572 2774 inter
596 2722 699 2798 gentes
723 2710 886 2785 occidisse.7
905 2709 963 2770 sed
982 2707 1064 2771 bunc
1078 2709 1185 2768 mitem'
1204 2727 1274 2789 erga

235 2821 369 2908 amicos,
392 2825 543 2885 modicum
566 2823 773 2904 voluptatum,
796 2843 858 2881 uno
881 2819 1095 2889 matrimonio,
1119 2818 1211 2878 certis
1237 2816 1273 2875 li-

234 2919 318 2989 beris
341 2935 456 3011 egisse,
476 2953 574 3013 neque
599 2930 699 2990 minus
715 2922 952 3010 praeliatorem,
977 2927 1093 2988 etiamsi
1115 2926 1274 2989 temeritas

234 3038 366 3101 abfuerit
385 3041 641 3132 praepeditusque
672 3040 712 3098 sit
729 3036 883 3118 perculsas
906 3045 952 3096 tot
980 3037 1116 3096 victoriis
1140 3035 1282 3131 Germa-—

234 3145 299 3202 nias
323 3148 446 3204 servitio
470 3165 619 3226 premere.
662 3143 779 3220 Quodsi
813 3142 893 3203 solus
936 3141 1051 3201 arbiter
1094 3162 1219 3218 rerum,
1243 3142 1268 3202 si
1289 3135 1323 3197 25

234 3249 300 3311 iure
324 3261 355 3312 et
375 3258 498 3312 nominc
516 3255 599 3336 regio
618 3252 746 3323 fuisset,
768 3260 854 3309 tanto
880 3251 1045 3330 promptius
1064 3257 1272 3310 assecuturum

164 3357 166 3360 ’
233 3357 362 3438 gloriam
391 3355 539 3435 militiae,
558 3367 708 3440 quantum
734 3347 893 3416 clementia
934 3351 1133 3434 temperantia
1164 3356 1272 3414 ceteris

221 3464 319 3538 bonis
354 3465 468 3525 artibus
492 3464 720 3556 praestitissets
741 3462 862 3542 Corpus
891 3457 1059 3539 'antequam
1081 3468 1270 3520 cremaretur

231 3573 379 3634 nudatum
400 3575 432 3632 in
453 3574 522 3634 soro
538 3569 809 3645 Antiochensium,
831 3567 883 3647 qui
905 3564 990 3626 locus
1020 3564 1193 3646 sepulturae
1215 3566 1270 3627 de-

222 3777 513 3796 Μ

296 3914 338 3964 ²9·
357 3900 407 3970 qui
424 3897 500 3946 locus
524 3891 686 3962 sepulturae
709 3885 912 3961 destinabatur]
941 3886 1117 3953 Germanicus
1147 3889 1176 3938 in
1207 3887 1268 3941 soro

224 3990 450 4044 Antiochensium
464 3985 587 4056 sepultus
602 3983 716 4047 elicitum
732 3985 798 4054 quia
810 3981 851 4034 ibi
870 3982 1046 4054 κενοτάφιον
1059 3984 1086 4034 ei
1102 3989 1267 4034 exstructum
