2826 4730
468 247 541 354 nrt.
563 269 598 326 u.
642 231 726 364 car.
749 273 882 334 ea-sn
984 357 990 372 ἢ
1042 275 1045 283 ⁴
1130 274 1193 342 123

159 449 251 530 Quod
282 468 386 510 rarum
418 450 591 536 tactumque
623 455 713 513 etiam
739 451 865 514 modicis
899 451 1074 532 penatibus,
1108 457 1221 522 tantuin
1238 451 1267 505 C·
1290 451 1361 523 ¹9·)'

158 557 272 640 gaudio
291 557 461 641 principem
484 558 600 637 affecit,
622 570 739 621 utnon
767 562 981 642 temperaverit
1010 562 1084 640 quin
1105 561 1199 649 iacta-

159 675 207 726 ret
228 665 311 748 apud
345 678 445 749 patres
472 664 551 728 nulli
581 679 652 728 ante
682 669 891 730 Romanorum
930 667 1065 728 eiusdem
1090 651 1200 750 fastigii

159 778 228 836 viro
250 775 401 858 geminam
421 773 549 856 stirpem
573 773 702 858 editam,
738 773 817 834 Nam
845 785 977 845 cuncta,
1008 774 1097 832 etiam
1134 772 1200 832 for·

120 883 239 946 dtuita
249 928 262 957 ,
285 884 324 944 ad
351 880 480 966 gloriam
507 881 659 950 vertebat.
711 882 771 944 Sed
793 882 904 966 populo
926 880 979 942 tali
1004 883 1036 942 in
1063 894 1201 963 tempore

160 991 192 1052 id
214 1009 333 1073 quoque
353 989 493 1054 dolorem
515 991 609 1068 tulit,
633 991 778 1079 tanquam
805 1002 912 1054 erictus
946 989 1052 1054 liberis
1084 996 1202 1054 Drusus

157 1078 286 1158 'domum
309 1099 483 1158 Germanici
504 1101 600 1181 magis
621 1111 754 1182 urgeret.

103 1204 162 1290 85
213 1205 331 1268 Eodem
351 1225 432 1267 anno
449 1207 594 1290 gravibus
615 1220 738 1270 senatus
754 1187 879 1270 decretis
900 1207 997 1270 libido
1016 1207 1202 1269 feminarum

163 1315 305 1389 coercita,
329 1313 512 1397 cautumque
533 1335 571 1374 ne
594 1326 735 1395 questum
756 1335 883 1396 corpore
904 1314 1035 1393 faceret,
1056 1316 1105 1375 cui
1128 1335 1203 1372 avus
1290 1389 1293 1402 Ι

105 1449 144 1494 10
166 1433 219 1484 aut
239 1432 395 1504 paterent
412 1423 541 1482 maritus
559 1443 646 1503 eques
667 1423 822 1482 Romanus
843 1421 956 1484 fuisset.
1006 1420 1082 1480 Nam
1105 1420 1203 1480 visti·-

140 1531 204 1600 ,lia
225 1529 379 1614 praetoria
404 1529 518 1588 familia
539 1529 639 1610 genita
671 1527 821 1590 licentiam
850 1529 945 1609 stupri
979 1525 1061 1608 apud
1091 1525 1203 1586 aediles

164 1637 355 1720 vulgaverat,
379 1656 466 1695 more
480 1636 561 1696 inter
575 1645 690 1695 veteres
709 1647 849 1716 recepto,
870 1636 923 1716 qui
946 1636 1016 1694 satis
1033 1633 1204 1714 poenarum

164 1748 325 1810 adversum
347 1740 514 1822 impudicas
548 1742 578 1802 in
610 1744 672 1824 ipsa
693 1741 882 1824 professione
899 1739 1003 1822 flagitii
1029 1738 1203 1830 credebant.

163 1857 311 1918 Exactum
332 1861 363 1913 et
381 1874 400 1914 a
420 1853 534 1913 Titidio
547 1851 688 1912 Labeone
708 1849 847 1912 Vistiliae
869 1851 1000 1926 marito,
1020 1870 1076 1910 cur
1097 1850 1129 1908 in
1150 1871 1204 1914 ux·
1231 1877 1240 1884 „

107 1967 146 2031 15
165 1985 219 2026 ore
242 1961 344 2024 delicti
364 1960 522 2022 manifesta
550 1959 697 2022 ultionem
718 1963 792 2044 legis
814 1963 983 2022 omisisset?
1017 1961 1120 2044 Atque
1152 1958 1205 2033 iiio

163 2070 379 2156 praetendente
398 2069 549 2150 setaginta
570 2066 633 2127 dies
656 2068 695 2127 ad
717 2068 950 2129 consultandum
969 2067 1054 2128 datos
1075 2065 1206 2126 necdum

165 2176 484 2262 praeterisse‚·statis
510 2180 612 2240 visum
641 2175 678 2235 de
711 2177 830 2238 Vistilia
862 2185 1016 2256 statuere3
1050 2198 1146 2258 eaque
1172 2177 1205 2238 in

167 2288 295 2350 insulam
323 2287 471 2369 Seriphon
496 2285 601 2376 abdita
623 2296 678 2350 est,
720 2286 834 2348 Actum
855 2287 943 2348 etde
964 2289 1055 2349 sacris
1079 2287 1205 2370 Aegyp·

167 2396 218 2458 tiis
243 2395 434 2478 ludaicisque
462 2394 628 2478 pellendis;
661 2395 834 2477 factumque
857 2405 979 2475 patrum
1011 2395 1205 2468 consultum,
1288 2403 1291 2408 '

110 2515 149 2562 20
169 2516 202 2566 ut
223 2515 369 2588 quattuor
405 2503 488 2564 milia
521 2503 826 2586 libertinigeneris,
849 2525 885 2564 ea
919 2503 1133 2585 superstitione
1158 2508 1206 2564 in-

167 2613 265 2690 fecta,
287 2615 353 2694 quis
371 2611 481 2674 idonea
502 2624 603 2686 aetas,
635 2617 666 2674 in
699 2586 829 2675 idsuiam
861 2614 1032 2676 Sardiniam
1057 2615 1207 2676 veheren-

167 2731 220 2782 tur
238 2720 413 2815 coercendis
444 2721 505 2784 illic
539 2723 706 2784 latrociniis
721 2698 792 2799 et,
811 2725 835 2784 si
860 2725 900 2784 ob
924 2725 1105 2806 gra-vitatem
1132 2723 1207 2784 caeii

169 2833 363 2914 interissent,
388 2834 446 2894 vile
471 2825 636 2912 damnum3
658 2833 749 2893 ceteri
777 2833 919 2896 cederent
938 2834 1043 2913 ltalia,
1066 2835 1122 2896 nisi
1137 2856 1208 2895 cer·
1282 2845 1291 2862 “

115 2931 235 3013 86ῑειηι
259 2950 329 3000 ante
357 2939 437 3002 diem
460 2941 701 3021 profanos-ritus
725 2943 887 3008 eruissent·
927 2944 1000 3004 Post
1015 2965 1094 3027 quae
1116 2953 1209 3005 rettu-

117 3037 155 3100 ²5
170 3049 206 3112 lit
246 3049 357 3110 Caesar
397 3049 572 3131 capiendam
601 3049 751 3130 virginem
782 3050 939 3112 inlocum
972 3052 1108 3130 Occiae,
1131 3073 1211 3134 quae
1248 3107 1254 3120 ,
1288 3079 1292 3086 ’

170 3169 284 3242 septem
309 3167 339 3216 et
365 3155 584 3238 quinquaginta
605 3177 659 3238 per
675 3177 772 3218 annos
793 3178 911 3218 summa
929 3160 1129 3220 sanctimonia
1153 3160 1208 3218 Ve-
1301 3155 1304 3160 ’

171 3264 298 3327 stalibus
318 3244 413 3322 sacris
430 3261 641 3344 praesederat:
665 3264 783 3352 egitque
795 3274 894 3345 grates
909 3265 1037 3326 Fonteio
1056 3267 1210 3348 Agrippae

173 3385 203 3435 et
225 3372 360 3434 Domitio
382 3369 532 3446 Pollioni,
555 3368 638 3452 quod
662 3366 910 3432 offerendoTriias
927 3371 966 3432 de
984 3367 1085 3434 officio
1100 3372 1132 3430 in
1145 3391 1210 3460 rem
1291 3389 1295 3393 ·

249 3705 287 3776 ut.
306 3715 409 3758 exacta
427 3683 468 3758 n't‘.
489 3716 615 3758 exactum
635 3702 798 3756 Vertrauius.
816 3729 846 3742 —
863 3703 998 3755 Exortum
1017 3707 1058 3755 est
1083 3719 1142 3758 cum
1162 3723 1211 3776 op·

18 3783 20 3788 ¹
92 3777 109 3807 Ι
173 3800 288 3876 probriu
306 3799 467 3869 qrcaetitum.

245 3896 286 3948 28.
304 3892 436 3966 Domitio]
457 3895 572 3948 cornicis
590 3893 628 3947 M.

755 3839 778 3886 .
844 3829 846 3832 '
942 3842 950 3857 s
