2826 4730
196 241 254 319 136
410 199 414 208 ¹
603 236 827 306 turiurum

42 424 68 494 (a
81 424 107 474 C.
118 425 181 500 πο.)
188 425 355 506 quaesitam
378 422 460 504 apud
477 433 618 482 senatum
645 440 664 476 tt
687 440 725 494 *3
751 423 928 504 crebrisque
942 416 1235 506 interrogationibus

188 531 345 612 exquirit,
369 528 489 610 qualem
512 530 582 589 Piso
604 529 686 590 diem
708 551 885 609 supremum
908 541 1087 613 noctemque
1120 535 1233 612 exegis-

188 649 246 703 set.
289 636 393 718 Atque
414 635 475 696 illo*
501 635 647 718 pleraque
669 640 833 716 sapienter,
856 637 1005 718 quaedam
1031 638 1233 699 inconsultius

189 743 410 826 respondente,
436 745 543 804 recitat
575 743 730 804 codicillos
764 767 780 802 a
818 745 925 804 Pisone
965 745 994 803 in
1021 746 1101 805 huuc
1137 746 1231 806 ferme

186 851 312 914 modum
335 853 525 932 compositos
561 843 1033 932 „Conspiratione,inimicorum
1057 863 1088 912 et
1118 855 1270 921 invidiafi
1316 881 1320 886 ·

187 959 255 1021 falsi
275 953 416 1019 crimini&
431 979 612 1038 oppressus,
645 970 795 1040 quatenus
821 963 941 1020 veritati
978 970 1010 1020 et
1039 961 1230 1021 innocentiae

188 1089 274 1128 meae
299 1086 449 1147 nusquam
479 1063 563 1126 locus
602 1077 664 1140 est,
689 1067 763 1125 deos
784 1067 969 1128 immortales
998 1078 1093 1126 testor
1126 1069 1233 1128 vixisse

188 1196 238 1236 mc
249 1223 259 1252 ,
280 1176 414 1246 Caesar,
437 1194 507 1234 cum
529 1174 589 1234 lide
601 1174 763 1234 adversuui
783 1185 833 1252 te,
857 1197 956 1256 neque
975 1175 1033 1234 alia
1053 1178 1085 1234 in
1101 1189 1229 1238 matrem

189 1291 273 1342 tuam
298 1284 428 1364 pietate3
454 1303 566 1366 vosque
585 1305 667 1362 oro,
689 1283 797 1344 liberis
815 1287 886 1344 meis
909 1279 1083 1359 consulatis,
1108 1307 1141 1344 er
1161 1287 1235 1372 qui3

188 1393 248 1452 bus
269 1393 391 1452 Gnaeus
411 1391 483 1482 Piso
503 1391 709 1472 qualicunque
730 1389 871 1450 fortunae
891 1412 975 1475 ureae
1007 1411 1070 1450 uon
1098 1403 1144 1452 est
1172 1392 1225 1450 ad·
1252 1394 1288 1448 to

190 1499 330 1572 iunctus,
355 1520 425 1581 cum
450 1520 542 1560 omne
564 1499 625 1562 hoc
647 1511 767 1579 tempus
789 1499 820 1559 in
849 1499 926 1560 urbe
959 1501 1072 1582 egerit,
1110 1503 1231 1562 Murcus

189 1607 261 1688 Piso
282 1617 421 1688 repetere
443 1607 567 1667 Suriam
589 1603 773 1666 deliortatus
803 1617 856 1673 est.
909 1608 1010 1687 Atque
1039 1607 1158 1667 utinam
1176 1629 1232 1690 ego

190 1715 291 1797 potius
312 1715 373 1774 lilio
392 1713 517 1790 iuveni,
538 1733 631 1794 quam
654 1709 707 1771 ille
729 1714 810 1792 patri
831 1713 896 1770 seni
918 1713 1062 1775 cessisset.
1104 1713 1151 1772 Eo
1174 1713 1231 1770 im·
1260 1751 1262 1756 ,

190 1823 312 1904 pensius
330 1841 458 1902 precor,
494 1841 533 1880 ne
560 1841 654 1880 meaev
667 1821 827 1900 pravitatis
849 1839 961 1898 poenas
983 1819 1126 1877 innoxius
1153 1817 1230 1876 luat.

191 1925 252 1988 Per
286 1928 422 2008 quinque
457 1935 489 1984 ct
519 1925 721 2006 quadraginta
753 1944 905 1982 annorum
937 1921 1140 2002 obsequium,
1172 1945 1230 2005 pcr
1252 1919 1285 1979 15

192 2010 546 2114 collegium'consutatns
582 2029 737 2112 quondam
768 2030 840 2088 divo
865 2031 1006 2110 Augusto
1033 2035 1151 2112 parenti
1181 2043 1233 2090 tuo

193 2143 357 2223 probatus,
384 2147 414 2196 ei
434 2137 491 2194 tibi
512 2139 651 2212 amicus,
672 2157 729 2194 nec
753 2137 919 2216 quicquam
942 2133 1012 2216 post
1041 2137 1115 2196 haec
1146 2157 1233 2216 roga·

91 2287 95 2296 -
192 2261 303 2325 turus,
322 2244 449 2306 salutem
471 2243 600 2304 infelicis
621 2243 673 2303 filii
696 2261 779 2324 rogo,
822 2245 871 2303 De
885 2244 1029 2304 Plancina
1049 2245 1124 2304 nihil
1145 2233 1290 2310 addi-ll

195 2353 252 2416 dit.
294 2351 369 2415 Post
391 2373 468 2433 quae
489 2341 631 2411 Tiberius
652 2350 876 2415 adulescentem
900 2355 1030 2414 crimine
1051 2351 1149 2412 civilis
1162 2352 1230 2411 belli

194 2444 337 2544 purgavii
358 2461 466 2542 (patris
477 2458 588 2540 quippe
604 2460 684 2518 iussa
704 2479 759 2517 nec
773 2463 905 2540 potuisse
931 2463 1029 2521 filium
1043 2459 1234 2536 detrectare),

286 2808 559 2882 napudunatum,
589 2811 715 2862 Murco
739 2810 881 2860 Pisone
924 2827 1073 2870 eoram,
1111 2813 1235 2882 queri-

195 2920 272 2968 tur,
288 2906 446 2977 crebrisque
463 2904 734 2974 interrogationibus
752 2907 894 2974 ecquirit,
914 2911 964 2954 cet.
1002 2906 1076 2956 Haec
1094 2907 1151 2958 iere
1165 2907 1237 2957 inte-

148 3058 151 3063 ,
195 3019 242 3072 gra
261 3002 401 3070 scriptoris
420 2997 502 3050 verba
522 2997 650 3052 videntur
671 3014 745 3052 esre:
763 2999 891 3068 namqui
910 3001 999 3050 locutu
1018 3019 1074 3054 uon
1098 3018 1156 3053 esse
1174 3019 1237 3052 utu-

195 3099 278 3150 tilum
298 3095 483 3159 contendunt,
503 3097 607 3166 magnit
627 3097 837 3150 difficultatibus
864 3097 994 3164 impliciti
1021 3105 1158 3148 tenentur.
1199 3097 1237 3146 Ex

194 3202 287 3246 nostra
304 3191 358 3242 loci
377 3189 554 3242 restitutione
569 3202 699 3260 apparet,
719 3195 780 3262 quis
799 3191 847 3242 ille
872 3194 927 3252 sit,
948 3189 1021 3242 unde
1047 3190 1169 3260 exquirit
1186 3191 1239 3242 Ti-

194 3290 310 3352 berius,
328 3287 438 3358 qualem
458 3285 517 3356 Piso
535 3289 608 3339 diem
627 3305 782 3356 supremum
800 3269 963 3356 noctemque
983 3289 1130 3354 exegisset,
1151 3303 1237 3355 appa-

196 3396 240 3438 ret
257 3403 311 3454 quo
330 3383 465 3434 referatur
481 3399 631 3451 pronomen
653 3385 722 3446 illo,
743 3366 847 3453 quique
868 3383 971 3432 Pisonis
991 3382 1100 3433 litteras
1119 3381 1237 3450 principi
1307 3411 1311 3426 ,

198 3481 330 3534 attulerit.
366 3476 448 3545 Quod
469 3479 574 3544 invenis
593 3458 658 3530 Pts'o'
671 3470 802 3547 pleraque
820 3478 967 3544 sapienter,
990 3475 1124 3546 quaedam
1142 3480 1238 3528 incon-

199 3577 477 3643 rultiusinteroganti
495 3576 611 3626 'l'iberio
638 3573 810 3642 respondisse
838 3573 953 3634 dicitur,
980 3575 1071 3642 priora
1098 3574 1238 3642 pertinent

199 3659 299 3733 atl‘ea,
320 3686 391 3738 quae
414 3672 486 3723 filius
504 3688 520 3720 a
538 3677 614 3737 patre
634 3668 738 3720 honora
766 3668 800 3717 dc
830 3667 937 3719 Tiberii
962 3669 1088 3720 oratioue
1114 3669 1238 3738 prolata,

199 3767 282 3816 altera
303 3767 336 3816 ad
353 3767 418 3828 illa,
439 3782 507 3836 quae
525 3765 559 3818 ab
581 3764 677 3814 codem
707 3774 768 3813 cum
799 3763 892 3832 aliqua
918 3763 1029 3818 Tiberii
1056 3765 1237 3815 insectatione

175 3911 177 3914 .
201 3873 229 3916 et
247 3862 349 3916 iutilia
365 3863 541 3929 pronuntiata
561 3858 653 3914 refert.
733 3837 740 3842 ’
