2862 4730
238 257 280 356 or
644 245 865 330 rensuum

90 465 119 527 [a
135 458 167 520 c.¹
180 440 343 546 sspmupto
379 441 450 522 post
485 439 638 520 Granium
657 433 859 518 [Marcellum
900 419 1073 522 praetorem
1114 431 1277 526 bithyniae

238 560 383 636 quaestor
402 548 495 630 ipsius
516 549 630 632 Caepio
650 546 806 630 Crispinus
826 544 990 608 maiestatis
1001 546 1183 629 postulavit,
1203 547 1277 608 sub·
1353 567 1357 621 j

237 659 392 722 scribente
412 659 551 719 Romano
572 657 723 740 Hispone3
744 657 798 738 qui
822 651 952 716 formam
974 655 1056 716 vitae
1076 655 1161 733 iniit,
1183 672 1276 738 quarn

236 777 341 852 postea
364 764 516 828 celebrem
542 767 681 828 miseriae
701 767 873 846 temporum
903 773 935 826 et
954 763 1099 826 audaciae
1116 757 1278 826 bominum

237 875 388 937 fecerunt.
434 873 512 934 Nam
534 893 625 956 egeus
645 873 768 955 ignotus
786 872 923 956 inquies,
950 870 1023 930 dum
1045 871 1170 934 occultis
1191 867 1306 934 libatas

130 1030 135 1036 -
176 1032 180 1044 Α
238 983 276 1046 lis
297 981 442 1046 saevitiae
461 985 604 1065 principis
624 985 760 1064 arrepsit,
785 983 859 1042 'mox
880 975 1044 1042 clarissimo
1064 985 1173 1067 cuique
1198 984 1278 1066 peria

167 1121 168 1127 ¹
237 1091 342 1154 calum
363 1087 496 1167 facessit,
518 1094 685 1172 potentiam
707 1089 790 1172 apud
808 1109 924 1166 unum,
946 1089 1051 1150 odium
1072 1081 1156 1174 'apud
1173 1113 1278 1152 omnes

238 1198 386 1282 adeptus,
409 1197 494 1260 dedit
515 1199 705 1286 exemplum,
725 1195 809 1279 quod
829 1199 924 1258 secuti
944 1217 979 1258 ex
1000 1199 1183 1280 pauperibus
1205 1196 1280 1260 divis

239 1318 307 1392 tes,
340 1328 382 1367 es
404 1311 585 1390 contemptis
617 1304 798 1382 metuendi,
830 1305 997 1386 perniciem
1017 1303 1084 1369 aliis
1104 1325 1140 1368 ac
1159 1315 1280 1389 postre-

182 1485 189 1502 ,
240 1433 327 1480 mum
347 1405 406 1477 sibi
425 1416 577 1483 inuenere.
606 1393 691 1476 Ι8εά
711 1413 891 1476 Marcellum
920 1410 1116 1476 insimulabat
1143 1410 1279 1492 sinistros
1292 1420 1326 1466 ¹⁰

239 1523 284 1596 ¹de
303 1521 429 1586 Tiberio
451 1541 605 1586 sermones
633 1522 797 1584 habuisses
834 1513 1012 1583 inevitabile
1032 1523 1171 1598 crimen,
1209 1540 1280 1584 cum

242 1630 431 1692 camoribus
452 1631 598 1712 principis
611 1630 784 1694 foedissima
804 1651 943 1712 quaeque
961 1629 1103 1714 deligeret
1125 1635 1281 1692 accusator
1348 1629 1356 1652 ‘

154 1818 161 1824 ι
243 1739 477 1822 obiectaretque
497 1759 562 1801 reo.
595 1737 674 1800 Nam
695 1739 767 1820 quia
788 1749 979 1812 versarent,
1003 1741 1095 1800 etiam
1109 1739 1194 1800 dicta
1212 1755 1281 1798 cre*

241 1845 410 1910 edebantur.
438 1843 568 1930 Addidit
578 1849 672 1930 Hispo
689 1858 822 1910 statuam
839 1848 976 1910 Marcelli
998 1831 1087 1910 altius
1104 1868 1195 1930 quarn
1206 1847 1282 1908 Cae·

236 1937 352 2018 ¹sarum
365 1955 466 2032 sitam,
479 1967 509 2016 et
519 1955 616 2016 aliain
629 1967 729 2018 statua
742 1965 900 2037 amputato
909 1957 1007 2038 eapite
1017 1953 1281 2038 Augusti‘effigiem
1296 1945 1330 2012 15

249 2060 369 2127 Tiberii
379 2063 516 2154 inditam.
555 2063 698 2147 Adquod
713 2065 824 2132 exarsit
840 2043 917 2149 adeo
929 2075 1061 2146 utrupta
1074 2065 1283 2124 taciturnitate

243 2173 453 2258 proclamaret
473 2195 504 2234 se
515 2189 637 2255 quoque
647 2173 677 2232 in
691 2193 726 2234 ea
738 2193 828 2234 causa
839 2170 972 2232 laturum
989 2173 1170 2234 sententiam
1184 2169 1285 2252 palam

241 2297 279 2350 «et
299 2286 453 2362 iuratum3
476 2303 538 2364 quo
559 2275 666 2344 ceteris
685 2281 792 2343 eadem
807 2284 969 2344 necessitas
980 2277 1076 2342 fieret.
1119 2277 1286 2340 Manebant

247 2396 427 2461 etiamtum
448 2391 572 2473 vestigia
593 2389 750 2455 morientis
770 2389 927 2452 libertatis.
970 2392 1068 2472 lgitur
1078 2391 1201 2448 Gnaeus
1213 2385 1285 2446 Piso

251 2501 355 2587 „qun”
376 2503 477 2583 inquit
497 2499 590 2578 „loco
611 2497 771 2577 censebis,
794 2499 922 2562 Caesar?
949 2499 973 2560 si
996 2499 1131 2580 primus,
1165 2493 1284 2554 habebo
1294 2496 1334 2544 ²0

249 2609 335 2697 quod
355 2628 483 2692 sequar:
506 2608 532 2668 si
553 2617 622 2688 post
642 2628 749 2670 omnes
762 2629 897 2683 ‚.vcreor
918 2628 957 2668 ne
978 2603 1155 2688 imprudens
1175 2600 1286 2661 dissen⁸

224 2757 236 2763 Α
249 2717 356 2784 tiam.’'
398 2705 562 2778 Permotbs
580 2715 648 2793 his,
667 2727 845 2800 quantoque
856 2716 1003 2778 incautius
1019 2712 1189 2785 asserverat,
1213 2729 1285 2790 pae-

250 2827 376 2895 nitentia
398 2827 518 2907 patiens
538 2822 612 2890 tulit
638 2823 755 2888 absolvi
785 2847 872 2888 reum
902 2823 1080 2884 criminibus
1114 2817 1286 2878 maiestatis.

250 2939 300 3030 pe
319 2935 459 3020 pecuniis
481 2933 658 3016 repetundis
683 2933 723 2995 ad
743 2937 959 3016 reciperatores
978 2931 1055 2991 itum
1075 2936 1131 3013 est.

168 3123 175 3130 ,
333 3043 397 3104 Nec
417 3051 538 3124 patrum
558 3041 785 3125 cognitionibus
805 3043 929 3102 satiatus
950 3038 1069 3100 iudiciis
1089 3032 1239 3096 assidebat
1253 3011 1344 3098 inid

252 3131 347 3215 cornu
371 3149 559 3224 tribunalis,
587 3170 626 3210 ne
646 3160 820 3233 praetorem
841 3147 943 3225 curuli
963 3143 1146 3228 depelleret,·
1177 3141 1287 3202 multa·

147 3243 172 3289 η’
250 3283 313 3346 que
335 3244 371 3322 eo
393 3277 495 3321 coram
517 3257 662 3321 adversus
684 3258 834 3317 ambitum
854 3265 884 3314 et
906 3253 1077 3335 potentium
1097 3266 1202 3330 preces
1216 3269 1290 3308 con-

251 3369 368 3435 stituta.
417 3365 491 3428 sed
520 3366 593 3428 dum
615 3361 737 3428 veritali
758 3360 950 3440 copsulitur,
970 3359 1093 3419 libertas
1114 3375 1290 3440 cornampe·
1422 3363 1423 3438 l

227 3477 353 3550 batur.
412 3477 496 3537 luter
525 3495 603 3558 quae
633 3473 707 3535 Pius
730 3470 876 3532 Aurelius
900 3477 1019 3529 senator
1040 3472 1183 3546 quaestus
1204 3457 1286 3522 mole
1422 3449 1423 3476 ³

251 3581 392 3670 publicae
412 3582 479 3646 viae
500 3581 656 3664 ductuque
678 3597 827 3662 aquarum
850 3572 1010 3636 labefactas
1029 3571 1112 3632 aedis
1128 3571 1216 3647 datas,
1235 3565 1340 3630 au·3o
1422 3617 1423 3662 7

323 3833 366 3886 so.
383 3832 453 3886 mole
469 3831 598 3904 publicae
614 3823 691 3897 viae]
710 3825 794 3881 molar
811 3823 877 3880 viar
896 3816 970 3876 haud
988 3818 1174 3876 denotatsaxa
1191 3819 1287 3889 lugan*

148 3981 153 3993 ,
255 3929 313 3992 tia,
334 3943 405 4000 quae
425 3929 454 3979 in
473 3927 517 3982 vta
533 3921 765 3978 transvehentes:
793 3902 856 3973 bam
886 3914 916 3969 ld
940 3914 1137 3986 designandum
1160 3923 1219 3973 erat
1235 3929 1288 3972 au·
