2862 4730
464 271 541 342 LIB.
563 281 602 346 11.
648 277 740 342 CAP·
763 283 858 347 o·8.
899 340 901 349 .
1144 285 1186 350 73

143 472 175 523 et
201 461 372 524 distributis
397 461 430 524 in
458 461 593 546 legiones
616 483 651 524 ac
682 466 780 525 socios
811 463 939 524 navibus
969 451 1099 539 fossam,
1137 463 1266 539 cunae,
1284 465 1333 536 ab)

144 574 316 636 Drusianae
336 592 470 651 nomen,
490 573 664 652 ingressuS‚
685 552 884 653 precatusque
903 555 1038 652 Drusum
1061 571 1212 650 patr·em,'
1295 573 1304 588 ”

144 689 180 739 ut
198 699 230 739 se
253 667 589 739 cademausumlibens
608 679 803 760 placatusque
822 676 959 758 exemplo
982 699 1017 738 ac
1040 683 1208 747 memoriai

146 787 347 846 consiliorum
369 795 461 866 atque
482 805 609 866 operum
633 785 770 862 iuvaret,
795 783 877 847 lacus
892 773 963 846 inde
985 796 1014 846 et
1030 779 1205 870 Oceanuin

116 899 246 978 Susque
265 894 304 978 ad
326 893 473 954 Amisiam
493 893 607 956 flumen
631 895 762 956 secunda
785 896 975 977 navigatione
994 897 1187 979 pervehitur.
1216 883 1239 959 ¹.

146 1001 259 1064 Classis
280 1002 415 1065 Amisiae
439 1001 542 1063 relicta
575 1001 663 1064 laevo
699 1025 814 1082 amne3
853 1015 1047 1088 erratumque
1074 1007 1106 1064 in
1139 1025 1189 1082 eo,

146 1109 229 1190 quod
251 1131 312 1172 aon
334 1109 476 1172 subvexit
495 1104 741 1192 transposuitque
765 1109 892 1172 militem
912 1111 1030 1173 dextras
1050 1113 1080 1171 in
1094 1122 1191 1174 terras

145 1218 286 1278 iturum:
319 1217 362 1278 ita
384 1217 494 1300 plures
508 1216 576 1280 dies
594 1215 757 1280 efficiendis
777 1220 922 1309 pontibus
943 1219 1106 1304 absumpti.
1147 1223 1192 1300 Et

147 1345 240 1406 eques
261 1325 386 1408 quidem
407 1347 444 1386 ac
463 1325 595 1408 legiones
627 1328 729 1410 prima
760 1329 930 1403 aestuaria,
965 1329 1105 1391 nondum
1139 1351 1192 1390 ac·

104 1444 303 1494 recrescente
323 1433 424 1511 tanda,
445 1433 593 1518 intrepidi
614 1438 777 1496 transiere:
800 1426 1195 1518 pbstrcmum‘auxiliorum'
1330 1490 1337 1526 s

148 1565 278 1624 agmen,
306 1543 474 1624 Batavique
501 1544 533 1602 in
564 1553 651 1626 parte
672 1565 724 1620 ea,
756 1542 830 1604 dum
856 1545 1003 1628 insultant
1031 1545 1118 1628 aquis
1141 1566 1192 1606 ar·

147 1663 273 1732 temque
295 1650 389 1710 nandi
412 1661 589 1724 ostentant,
620 1649 758 1728 turbati,
789 1660 820 1710 ot
842 1651 969 1731 quidam
988 1651 1091 1712 hausti
1111 1662 1193 1720 sunt.
1265 1671 1268 1680 ·

135 1757 282 1826 xMetanti
300 1767 398 1816 castra
412 1757 532 1820 Caesari
552 1759 799 1838 Angrivariorum
822 1743 952 1819 deieetio
973 1779 991 1819 a
1011 1769 1096 1840 tergo
1115 1760 1195 1821 nun·
1271 1807 1273 1813 .

148 1867 267 1926 tiatur:
291 1865 400 1924 missus
421 1862 507 1927 illico
530 1865 691 1927 Stertinius
712 1886 782 1928 cum
804 1847 906 1950 equite
927 1877 958 1929 et
979 1877 1136 1929 armatura
1149 1867 1196 1930 le-

241 2044 268 2096 6.
287 2029 427 2095 amissiain
445 2043 629 2112 suprascripto
651 2041 696 2096 iae
715 2042 752 2096 Μ.

241 2153 265 2204 7.
284 2133 410 2187 subvexit
429 2135 664 2210 transposuitque}
686 2137 819 2189 subvexit.
839 2136 1012 2207 transposuit
1029 2134 1068 2190 M.
1089 2139 1117 2187 et
1136 2135 1197 2208 vnl-

151 2249 194 2302 go.
212 2259 243 2272 -
265 2231 323 2282 Hoc
340 2231 410 2285 scias
435 2233 507 2285 ultra
527 2249 634 2286 omnem
657 2232 858 2288 dubitationem
879 2250 938 2286 esse
957 2235 1096 2303 positum,
1115 2233 1196 2284 laevo

153 2343 234 2400 amore
254 2325 390 2396 designari
409 2329 521 2383 laevam
542 2329 633 2380 amnis
650 2339 777 2398 partem,
796 2327 824 2381 hi
848 2335 999 2396 e.'partem
1018 2327 1053 2379 ad
1072 2326 1196 2380 Rhenum

152 2440 185 2476 ac
207 2431 307 2476 terram
325 2401 628 2485 batavorumversam,
648 2423 723 2492 qnod
743 2424 791 2492 qui
811 2428 912 2492 negat,
932 2423 1004 2475 idem
1024 2420 1197 2490 huncserip·

154 2523 244 2568 torem
262 2514 378 2568 obscure
397 2533 428 2568 sc
445 2515 554 2568 turbate
572 2516 694 2568 locarium
713 2516 868 2586 profitetur·
908 2515 962 2568 Sed
989 2515 1126 2568 eiusmodi
1149 2531 1198 2586 op-

154 2609 314 2682 probrium,
332 2609 429 2662 Tacito
448 2625 555 2680 semper
576 2608 734 2678 indiguum,
753 2615 785 2660 ut
803 2608 838 2660 ab
856 2609 987 2662 hocloco
1008 2609 1105 2678 procul
1124 2624 1200 2659 amo-

155 2714 269 2768 veatur,
287 2703 393 2756 iaciunt
410 2703 494 2758 verba
512 2701 625 2758 dextras
638 2705 669 2756 in
688 2716 779 2756 terras
797 2705 917 2756 iturum:
938 2706 968 2756 in
985 2703 1029 2755 his
1049 2705 1122 2756 enirn
1132 2699 1200 2756 dcx·

135 2813 219 2854 ·trae
241 2812 336 2852 terrae
357 2798 499 2861 dicuutur,
519 2809 664 2868 propterea
682 2793 807 2870 quadiu
826 2798 922 2850 dextra
940 2800 1027 2850 amnis
1045 2797 1105 2868 ripa
1128 2797 1199 2849 sitae

157 2901 231 2945 snut.
269 2893 326 2944 lam
355 2892 458 2962 duplex
482 2891 662 2944 commissum
690 2907 749 2944 esse
775 2875 917 2962 peccatum
945 2892 1052 2960 liquet,
1080 2891 1199 2962 primum

158 2985 235 3058 qnod
254 2987 402 3056 imperator
422 2985 540 3037 militem
557 3003 614 3038 uon
631 2985 773 3048 subverit,
788 2975 911 3070 fallerem
931 2969 1006 3056 quod
1023 2985 1102 3038 laevo
1119 3003 1199 3039 amne

158 3083 296 3134 exercitus
321 3078 440 3132 navibus
459 3073 651 3147 egressus'est.
699 3080 794 3148 itaque
821 3075 954 3148 pontibus
983 3093 1052 3146 opus
1083 3087 1143 3131 erat
1164 3077 1200 3132 ad

156 3183 265 3229 tanturn
283 3175 433 3228 exercitum
453 3172 641 3226 transflumen
659 3172 843 3237 mittendum,
870 3189 901 3224 ac
922 3175 1096 3242 transgressis
1112 3189 1200 3226 novae

158 3272 334 3326 difficultates
352 3269 553 3323 oboriebantnr
566 3269 599 3322 ¹in
622 3268 783 3338 superandis
803 3269 965 3330 aestuariis,
986 3285 1055 3340 quae
1068 3249 1206 3339 pontibus¹

158 3377 189 3420 et
208 3375 319 3438 propter
336 3364 542 3418 multitudinem
562 3379 655 3417 eorum
676 3373 704 3416 et
723 3371 833 3434 propter
850 3366 946 3432 ingens
973 3365 1091 3433 spatium
1109 3364 1202 3416 traiici

157 3480 219 3517 non
236 3455 373 3534 poterant.
421 3461 494 3513 llaec
512 3461 535 3512 si
550 3477 613 3513 vere
632 3461 756 3528 exposita
775 3469 854 3524 sunt,
873 3465 950 3529 patet
969 3461 1103 3532 vulgatam
1123 3460 1202 3512 lecti.

156 3552 241 3613 onem
259 3565 414 3630 corruptam
432 3555 605 3608 circumferri.
650 3556 690 3608 Ex
718 3543 903 3624 ignoratovel
921 3555 1044 3622 neglecto
1062 3554 1200 3606 scribendi
1233 3571 1248 3604 .·

157 3655 325 3724 compendio
343 3656 514 3728 transpositi}
533 3653 631 3708 vitium
651 3662 744 3706 natum
764 3668 822 3704 esse
842 3652 944 3702 indico.
981 3650 1080 3718 Eadem
1093 3649 1200 3702 ratione

156 3751 190 3804 in
211 3751 251 3814 11,
273 3755 315 3806 88.
334 3745 475 3818 'particula
494 3767 547 3824 que
569 3748 726 3804 oblitterata
745 3755 802 3813 est,'
836 3763 924 3821 nuper
941 3745 1068 3800 restituta
1087 3764 1102 3805 a
1121 3733 1201 3816 prin·
1252 3743 1254 3747 ’

159 3847 227 3918 cipe
245 3843 457 3916 philologorum.

241 3945 279 3999 13·
298 3943 526 4014 Angrivariorum
545 3942 580 3994 M.
