2862 4730
234 309 273 374 to
658 301 875 366 turritum
918 392 921 400 Ι
985 389 989 397 ¹
1024 277 1030 284 ’

87 495 113 567 (a
127 497 156 552 G.
170 488 272 568 rende
293 459 402 550 nistra
424 463 570 566 deiectus.
612 481 695 544 Tum
715 483 808 543 Gaius
828 482 945 545 Caesar
966 481 1195 566 componendae
1216 480 1276 544 Ar·

232 594 352 658 metriae
374 593 530 678 deligitur.
570 592 601 654 ls
625 588 890 668 Ariobarzanem,
903 617 905 627 ⁴
917 591 1038 674 origine
1058 591 1209 669 Medum,
1232 593 1272 654 ob

232 699 384 782 insignem
404 699 542 782 eorporis
565 699 693 763 formam
718 708 748 758 et
766 691 959 783 praeclarum
981 698 1117 758 animum
1138 696 1274 761 volenti-

232 806 291 870 bus
309 807 461 870 Armeniis
481 808 637 892 preefeeit.
684 795 901 868 'Ariobarzane
931 815 1031 872 morte
1059 792 1186 869 forttiita
1220 807 1277 870 ab·

176 955 181 960 -
232 924 379 1000 sumpto,
401 918 528 1001 stirpem
548 917 612 980 eius
632 917 717 978 houd
741 915 930 994 toleravere3
954 925 1134 998 tentatoque
1146 915 1310 984 feminae5

232 1025 383 1110 imperiO,
405 1025 454 1088 cui
477 1047 589 1114 nomen
611 1027 722 1104 Erato,
747 1047 844 1108 eaque
864 1025 952 1088 brevi
971 1023 1079 1106 pulsa,
1104 1025 1213 1088 incerti
1235 1049 1279 1088 so

232 1131 370 1218 lutique,
399 1147 429 1197 et
452 1137 547 1218 magis
568 1137 635 1196 sine
654 1135 779 1196 domino
801 1156 894 1218 quam
916 1135 946 1194 in
971 1133 1133 1210 libertate,
1168 1136 1279 1218 profu·
1317 1150 1321 1158 ·

232 1263 306 1323 gum
327 1243 490 1306 Vononem
510 1246 543 1306 in
566 1264 696 1326 regnum
720 1245 883 1328 accipiunt.
926 1243 984 1306 Sed
999 1245 1054 1306 ubi
1069 1245 1203 1306 minitari
1217 1249 1279 1306 Ar-

147 1395 149 1398 -
233 1351 387 1426 tabanus,
424 1364 453 1415 et
473 1375 587 1436 parum
605 1353 732 1415 subsidii
751 1354 784 1414 in
808 1353 1000 1428 Armeniis‚‘
1020 1353 1094 1432 vel,
1124 1355 1149 1416 si
1172 1365 1277 1416 nostro

142 1525 144 1530 ¹
233 1458 267 1518 vi
290 1459 506 1522 defenderetur
521 1505 530 1535 ,
557 1459 671 1520 bellum
686 1460 830 1530 adversus
845 1459 978 1522 Parthos
1001 1457 1183 1522 sumendum
1196 1471 1275 1538 erat,
1289 1487 1329 1540 rof

1392 1123 1403 1150 ἱ

233 1577 336 1630 rector
356 1569 465 1632 Suriae
490 1569 627 1632 Creticus
651 1569 771 1632 Silanus
803 1571 938 1632 excitum
973 1570 1109 1632 custodia
1141 1569 1277 1630 circum.

235 1675 310 1754 dat,
335 1689 475 1738 manente
496 1677 570 1740 luxu
591 1688 623 1738 et
643 1677 728 1760 regio
753 1678 884 1740 nomine.
937 1677 1028 1756 Quod
1053 1677 1221 1740 ludibrium
1244 1691 1279 1740 ut

232 1784 365 1870 effugere
387 1787 548 1868 agitaverit
572 1785 734 1871 Vonones,
758 1787 791 1848 in
812 1783 881 1848 loeo
902 1767 1077 1850 reddemus.

317 1895 462 1956 Ceterum
484 1891 611 1954 Tiberio
635 1891 720 1952 houd
746 1895 905 1974 ingratum
935 1893 1047 1954 eccidit
1078 1891 1196 1954 turbari
1224 1896 1314 1976 res5

233 1996 394 2076 Orientis,
429 2007 464 2056 ut
493 2019 528 2060 ea
550 2000 651 2082 specie
672 2002 888 2070 Germanicum
907 2002 1000 2063 suetis
1018 1999 1189 2083 legionibus
1208 1993 1325 2064 ebs-1¹5

231 2107 389 2180 traheret,
414 2107 562 2188 novisque
585 2108 750 2188 provinciis
772 2109 948 2191 impositum
967 2108 1038 2170 dolo
1060 2109 1150 2170 simul
1175 2120 1206 2172 et
1225 2131 1277 2172 ca·

174 2243 179 2256 ·
233 2213 317 2276 sibus
339 2213 542 2274 obiectaret‘
576 2214 625 2288 ‚At
650 2213 720 2292 ille,
754 2226 869 2297 quanto
890 2217 1010 2279 acriore
1031 2221 1065 2278 in
1086 2199 1156 2280 eum
1177 2217 1281 2280 studio

235 2323 369 2415 militum
392 2319 422 2414 et
444 2316 553 2384 eversa
566 2324 665 2404 patrui
682 2325 842 2404 voluntas,
866 2324 1048 2388 celerandae
1059 2328 1210 2389 victoriae
1226 2305 1278 2390 in-

223 2431 370 2510 tentior,
391 2439 524 2492 tractare
546 2432 730 2512 praeliorum
752 2436 837 2514 vies,
858 2446 889 2496 et
910 2456 989 2518 quae
1010 2434 1068 2497 sibi
1079 2425 1204 2502 tertium
1215 2438 1278 2502 iam

234 2604 498 2625 ..ι-ὴ-ι*

322 2712 349 2764 9.
370 2707 468 2750 nostro
485 2693 522 2768 νι]
544 2712 596 2749 nor
616 2697 667 2750 avi
683 2697 720 2749 M.
1197 2765 1200 2770 Ι

307 2809 346 2862 19
364 2803 495 2859 ιιάοεανειι
516 2779 690 2868 praeliorum
711 2791 794 2865 uias]
825 2788 1001 2847 Praeliorum
1026 2795 1087 2846 viae
1109 2797 1175 2846 sunt
1200 2793 1278 2858 illae,

235 2885 337 2958 quilius
357 2887 393 2938 ad
413 2886 521 2940 bostem
539 2871 660 2958 praeliis*
671 2887 838 2940 domandum
855 2889 1000 2959 pervenire
1015 2887 1193 2940 Germanicus
1211 2907 1278 2959 pos·
1330 2876 1331 2884 ἵ
1352 2875 1354 2877 .

140 2981 141 2984 ’
235 2990 294 3044 set,
321 2979 366 3034 die
384 2983 512 3039 Strassen
529 3003 565 3040 zu
583 2985 755 3038 Selloeliten.
811 2985 881 3036 Nem
900 2987 948 3055 qui
968 2985 1128 3038 celerandae
1147 2985 1279 3038 victoriae

234 3079 359 3132 intentus
380 3089 454 3142 eras,
483 3081 551 3152 quid
571 3083 649 3154 prius
667 3058 815 3152 cogitaret}
845 3097 927 3152 quem
946 3081 1047 3152 quibus
1063 3082 1117 3133 rtis
1136 3081 1279 3134 celerrime

236 3190 296 3226 cum
315 3173 394 3227 hoste
409 3175 538 3244 congredi
557 3155 675 3246 posset?
704 3175 848 3230 Ernestius
865 3178 1040 3248 praeliorum
1057 3177 1122 3229 vias
1141 3179 1279 3251 interpre-

234 3277 310 3324 tatur
327 3269 435 3324 modum
461 3271 529 3324 belli
556 3287 617 3324 cum
645 3271 790 3323 Germanis
818 3268 952 3340 gerendi,
981 3269 1029 3321 sed
1056 3269 1203 3340 singularis
1232 3272 1280 3324 via

236 3369 361 3439 quemvis
381 3365 521 3420 interdum
546 3365 655 3420 modum
679 3381 711 3416 ae
742 3369 878 3420 rationem
904 3368 1056 3434 significet,
1081 3381 1212 3418 numerus
1237 3372 1281 3416 ta-

235 3479 298 3516 men
327 3462 518 3514 multitudinis
538 3462 599 3514 viae
629 3477 771 3530 nunquam
800 3461 897 3514 eodem
922 3460 1076 3530 significatu
1104 3440 1278 3514 admittitur:

235 3575 298 3610 uam
315 3573 386 3630 quae
406 3557 546 3610 Ernestius
569 3556 606 3610 ad
626 3555 789 3608 sententiam
815 3573 890 3608 suam
920 3556 1163 3610 commendendam
1184 3557 1281 3610 attulit
1321 3581 1328 3589 «

180 3716 183 3721 ι
236 3655 379 3724 exempla,
401 3628 429 3704 in
448 3653 483 3704 iis
494 3655 560 3706 viae
578 3651 717 3724 propriam
728 3667 804 3703 susm
815 3652 1043 3720 significationem
1053 3660 1173 3705 tuentur.
1209 3653 1280 3704 Sunt

236 3758 327 3802 autem
345 3749 427 3801 haee:
446 3748 501 3800 cic.
520 3749 568 3816 up.
590 3747 625 3797 nd
643 3747 717 3798 Fam.
737 3746 792 3810 IV,
816 3750 855 3810 13,
875 3750 901 3806 6.
929 3765 1022 3817 omrzes
1041 3751 1099 3806 vias
1115 3768 1279 3826 persequar,

218 3849 333 3918 *quibus
360 3845 463 3914 putato
482 3842 521 3896 ad
542 3843 573 3896 id
591 3841 667 3916 quod
682 3843 809 3920 uolumus
825 3845 977 3924 pervenire
1001 3863 1086 3919 posse.
1112 3849 1146 3900 ed
1173 3845 1206 3914 Q
1233 3847 1277 3898 Fr.

233 3943 263 4004 1,
291 3960 313 4006 t,
331 3942 356 3993 6.
375 3957 465 3992 omnes
485 3939 547 3994 vias
566 3939 703 4010 pecuniae
722 3929 833 3994 nomeu.
871 3941 930 3993 Hos
949 3946 978 3996 in
998 3945 1056 3998 loeo
1070 3943 1275 4016 viae'peeuniae
