2826 4730
757 43 768 73 l

373 252 374 256 Ὺ
463 301 540 367 siu.
561 271 901 368 utimum-71.
1159 248 1222 405 tri
1288 291 1289 295 '

176 487 242 570 pito
267 484 437 568 insignitior
454 485 584 546 'infamia
610 485 687 560 fuit,
708 485 792 566 quod
815 486 940 546 humani
964 486 1121 567 divinique
1141 479 1294 575 iuris(²c·
1313 485 1367 551 υ·)

176 596 275 655 sciens
302 595 458 676 egregium
477 593 642 676 ,publicum
662 603 691 653 et
716 593 811 653 bonas
832 593 915 654 domi
940 605 1018 654 artes
1039 593 1220 656 dehoneste·
1258 645 1259 650 ,
1339 647 1341 651 .

177 703 282 765 visset.
896 769 901 795 Ι
931 746 935 792 ,

117 807 170 888 71
264 809 390 870 lucessit
419 809 489 872 dein
522 809 648 892 religio,
684 831 817 893 quonam
847 811 879 870 in
912 809 1026 892 templo
1059 807 1221 872 locandum

142 911 261 976 5foret
281 915 415 990 donum,
440 916 525 998 quod
545 937 601 998 pro
620 915 792 978 'valitudine
806 916 961 998 Augustae
981 917 1097 998 equites
1116 901 1223 976 liuma-

181 1026 223 1094 ni,
235 1034 389 1086 voverant
410 1025 542 1106 equestri
558 1025 730 1090 Fortunae.
756 1024 831 1083 Nam
851 1024 907 1090 etsi
914 1023 1053 1086 ‘delubra
1069 1027 1133 1086 eius
1149 1015 1223 1085 <leae

180 1133 277 1222 multa
299 1133 331 1193 in
355 1133 451 1208 urbe,
476 1131 595 1192 nullum
614 1143 716 1193 tamen
742 1130 796 1192 tali
821 1141 1021 1213 cognomento
1046 1143 1120 1193 erat.
1162 1131 1224 1190 Re·

177 1252 302 1324 pertum
321 1251 367 1302 est
389 1241 496 1302 aedem
515 1261 577 1302 esse
608 1241 689 1324 apud
719 1241 867 1316 Antium,
899 1261 978 1322 quae
1002 1244 1045 1302 sic
1064 1258 1223 1322 nuncupas

182 1359 284 1424 retur,
308 1359 490 1430 cunctasque
523 1349 721 1410 caerimonias
740 1346 851 1408 Italicis
869 1345 905 1406 in
933 1347 1052 1430 oppidis
1063 1346 1223 1430 ,templa-

122 1479 163 1518 ιο
183 1479 245 1540 que
263 1467 294 1518 et
316 1461 479 1519 numinum
511 1457 622 1540 effigies
650 1461 724 1518 iuris
746 1466 839 1538 atque
861 1457 979 1538 imperii
1000 1459 1130 1539 Romani
1147 1477 1221 1518 esse.
1294 1475 1301 1486 “

184 1571 231 1629 lta
265 1565 389 1628 donum
403 1563 484 1644 apud
507 1563 635 1622 Antium
656 1566 811 1622 statuitur.
853 1563 893 1622 Et
913 1561 1036 1644 quando
1062 1561 1101 1620 de
1122 1537 1224 1643 religi·

181 1675 293 1738 onibus
328 1673 538 1748 tractabatur,
577 1670 706 1734 dilatum
740 1651 838 1754 iruper
872 1692 1050 1754 responsum
1081 1670 1225 1732 adversus

273 1988 298 2041 7.
316 1971 421 2024 nullum
450 1984 542 2026 tomen
566 1973 620 2026 sati
642 1985 820 2044 cognomento
853 1954 927 2046 erut]
972 1971 1004 2024 lu
1035 1973 1225 2025 difficultatem

183 2067 238 2123 via,
251 2067 445 2138 explicabilem
463 2067 590 2119 videmur
608 2067 746 2130 incidere,
774 2067 899 2140 eoquod
921 2051 1033 2122 Tacitus
1053 2069 1081 2122 h.
1103 2069 1122 2126 l.
1143 2069 1228 2120 tradit

183 2161 293 2212 nullum
312 2162 396 2213 fuisse
423 2161 453 2212 iu
474 2162 540 2213 urbe
565 2143 701 2235 equestris
719 2165 857 2218 Fortunae
883 2168 1036 2236 templum,
1065 2165 1159 2216 Livius
1179 2181 1228 2217 au·

185 2263 243 2308 tem
262 2253 387 2321 Xb,qo.
407 2263 436 2306 et
453 2239 576 2307 Valerius
595 2257 729 2308 Maximus
757 2257 783 2320 1,
813 2276 847 2322 r,
865 2254 1074 2330 aoixQuintum
1100 2259 1227 2314 Fulvium

184 2337 259 2400 auito
277 2345 338 2418 572.
356 2364 380 2398 a.
401 2368 426 2400 u.
439 2350 576 2403 Fortunae
595 2353 717 2422 equestri
736 2351 832 2406 aedem
848 2353 954 2406 vovisse
972 2355 1102 2407 scribunt.
1141 2353 1175 2406 Et
1193 2355 1227 2404 it·
1287 2391 1292 2400 .

181 2442 239 2494 'lud
257 2444 462 2518 templumnou
482 2445 563 2498 modo
581 2455 675 2499 votum
694 2447 743 2498 sed
762 2449 843 2499 stiam
868 2449 1041 2502 aedificatum
1063 2465 1123 2504 esse
1152 2451 1228 2500 locus
1312 2471 1314 2478 ·

175 2530 178 2536 ’
198 2553 234 2590 ex
254 2541 326 2592 lulio
344 2539 522 2612 Obsequente
543 2545 622 2607 (rit)
635 2529 654 2594 'a
672 2545 766 2614 Lipsio
786 2545 883 2596 allatus
903 2545 1043 2610 ostendit,
1068 2561 1159 2616 neque
1178 2561 1230 2596 ve-

187 2649 219 2686 ro
240 2634 312 2686 haue
332 2634 428 2689 aedem
452 2636 581 2688 incendio
606 2629 793 2707 consumptam
822 2654 882 2690 esse
908 2646 1027 2692 statuere
1053 2641 1137 2702 lieet,
1164 2638 1230 2710 quia

172 2729 222 2780 21).
242 2729 268 2780 P.
288 2727 397 2792 Victor,
418 2739 449 2782 ut
468 2729 603 2782 indicavit
622 2732 749 2800 Lipsius,
769 2747 828 2781 eam
849 2733 965 2784 collocat
981 2732 1011 2784 in
1031 2733 1141 2802 regione
1157 2748 1230 2783 noua
1313 2765 1317 2774 1

188 2824 265 2876 urbis
285 2839 333 2892 spo
351 2823 435 2876 etiam
453 2841 531 2884 aero.
569 2825 622 2878 Sed
642 2829 689 2896 qui
709 2817 908 2878 emendantium
939 2827 1040 2877 locum·
1059 2825 1231 2878 existimave-

187 2925 268 2982 runt,
286 2919 332 2968 vix
349 2918 479 2970 audiendi
500 2929 573 2982 sunt,
591 2935 651 2974 cum
674 2919 745 2972 nihil
763 2920 847 2992 magis
866 2921 980 2991 liqueat,
997 2934 1077 2992 quam
1090 2937 1139 2975 tus
1153 2901 1231 2990 equi-

188 3025 229 3066 tes
247 3025 399 3086 equestrem
418 3013 555 3069 fortunam
573 3013 607 3065 ad
627 3000 728 3065 donum
753 3032 832 3066 suum
854 3015 1049 3068 celebrandum
1074 3016 1232 3088 anquisive-
1300 3001 1302 3006 ‚

189 3107 252 3158 rint.
279 3097 356 3176 Quid
375 3108 459 3176 igitur
475 3109 624 3162 faciainus?
642 3111 711 3164 Dico
731 3110 878 3164 Fortunam
900 3111 977 3163 illam
997 3101 1151 3182 equestrem
1175 3091 1242 3162 llo-⁵

189 3216 250 3255 mse
269 3203 369 3254 cultam
387 3217 444 3253 non
461 3201 547 3253 fuisse
568 3205 670 3267 talem,
692 3205 801 3274 qualem
827 3189 935 3276 equites
963 3205 1232 3276 circumspiciebant.

182 3295 302 3350 Scilicet
319 3297 383 3348 satis
403 3303 499 3348 notum
520 3305 577 3348 erat
595 3297 665 3350 illud
684 3301 713 3351 iu
732 3299 800 3352 urbe
815 3302 947 3372 templum
957 3300 1078 3357 dicatum
1090 3315 1148 3352 esse
1163 3301 1233 3350 For·
1281 3277 1283 3284 Ι

175 3388 285 3456 'timae,
305 3407 376 3464 quae
395 3391 497 3444 milites
521 3393 601 3462 equis
630 3371 723 3444 contra
741 3395 1076 3466 Celtiberostpugnantes
1101 3391 1233 3452 iniisset:
1319 3389 1337 3464 s

138 3475 142 3480 .
191 3488 242 3539 sed
261 3491 368 3559 equites
388 3489 422 3542 de
441 3489 544 3559 quihus
557 3476 669 3542 Tacitus
686 3492 782 3544 scribit
801 3492 909 3546 ordinis
926 3467 973 3546 stis*
985 3493 1129 3574 fautricem
1147 3507 1234 3564 quae-

192 3588 299 3640 rebant.
337 3587 396 3640 Dea
416 3603 431 3637 a
450 3587 545 3640 Fulvio
564 3585 696 3638 honorata
717 3588 841 3640 Fortuna
860 3589 995 3660 equestris
1004 3568 1093 3658 ⁸(eiue
1114 3587 1235 3642 Fortuna

193 3682 243 3734 der
262 3678 367 3741 Reiter)
385 3691 463 3747 erat,
492 3683 540 3736 sed
575 3683 682 3752 equites
718 3684 866 3752 Augustam
896 3690 1056 3738 venerantes
1084 3695 1234 3756 equestrem

184 3777 349 3850 strennum
361 3777 435 3847 (eine
456 3781 689 3851 Ritter-Fortune)
709 3779 884 3850 expetebant,

213 3924 219 3931 ,
271 3892 308 3932 ιι.
329 3872 452 3947 quando]
479 3893 532 3948 quo
550 3877 598 3939 tt,
622 3883 649 3927 et
667 3889 730 3927 mox
748 3876 989 3943 similagineusem,
1014 3875 1131 3930 correxit
1151 3874 1234 3924 Bero-
1296 3927 1298 3932 ,

195 3967 284 4026 aldus.
359 3965 361 3971 ’
