<?xml version="1.0" encoding="UTF-8"?>
<!DOCTYPE html PUBLIC "-//W3C//DTD XHTML 1.0 Transitional//EN"
    "http://www.w3.org/TR/xhtml1/DTD/xhtml1-transitional.dtd">
<html xmlns="http://www.w3.org/1999/xhtml" xml:lang="en" lang="en">
 <head>
  <title>
</title>
<meta http-equiv="Content-Type" content="text/html;charset=utf-8" />
  <meta name='ocr-system' content='tesseract 3.04.00' />
  <meta name='ocr-capabilities' content='ocr_page ocr_carea ocr_par ocr_line ocrx_word'/>
</head>
<body>
  <div class='ocr_page' id='page_1' title='image "./ccorneliitaciti00rittgoog_0115.png"; bbox 0 0 2826 4730; ppageno 0'>
   <div class='ocr_carea' id='block_1_1' title="bbox 397 264 1206 378">
    <p class='ocr_par' dir='ltr' id='par_1_1' title="bbox 397 264 1206 378">
     <span class='ocr_line' id='line_1_1' title="bbox 397 264 1206 378; baseline 0.014 -11"><span class='ocrx_word' id='word_1_1' title='bbox 397 264 398 268; x_wconf 41' lang='lat'>‘</span> <span class='ocrx_word' id='word_1_2' title='bbox 472 307 605 370; x_wconf 81' lang='lat' dir='ltr'><strong>nnn.</strong></span> <span class='ocrx_word' id='word_1_3' title='bbox 650 308 741 368; x_wconf 77' lang='lat' dir='ltr'><strong>oar.</strong></span> <span class='ocrx_word' id='word_1_4' title='bbox 762 308 899 376; x_wconf 77' lang='lat' dir='ltr'><strong>as-sa</strong></span> <span class='ocrx_word' id='word_1_5' title='bbox 1148 315 1206 378; x_wconf 83' lang='lat'><strong>103</strong></span> 
     </span>
    </p>
   </div>
   <div class='ocr_carea' id='block_1_2' title="bbox 93 489 1358 3496">
    <p class='ocr_par' dir='ltr' id='par_1_2' title="bbox 93 489 1358 690">
     <span class='ocr_line' id='line_1_2' title="bbox 166 489 1358 580; baseline 0 -24"><span class='ocrx_word' id='word_1_6' title='bbox 166 495 204 556; x_wconf 87' lang='lat' dir='ltr'><strong>de</strong></span> <span class='ocrx_word' id='word_1_7' title='bbox 225 498 259 556; x_wconf 92' lang='lat' dir='ltr'><strong>iis</strong></span> <span class='ocrx_word' id='word_1_8' title='bbox 282 505 437 572; x_wconf 78' lang='lat' dir='ltr'><strong>censeret,</strong></span> <span class='ocrx_word' id='word_1_9' title='bbox 467 496 603 576; x_wconf 77' lang='lat' dir='ltr'><strong>quaeda</strong></span> <span class='ocrx_word' id='word_1_10' title='bbox 626 505 723 556; x_wconf 87' lang='lat' dir='ltr'><strong>matre</strong></span> <span class='ocrx_word' id='word_1_11' title='bbox 744 495 809 554; x_wconf 82' lang='lat' dir='ltr'><strong>eius</strong></span> <span class='ocrx_word' id='word_1_12' title='bbox 832 495 931 560; x_wconf 86' lang='lat' dir='ltr'><strong>locuta</strong></span> <span class='ocrx_word' id='word_1_13' title='bbox 953 489 1240 580; x_wconf 74' lang='lat' dir='ltr'><strong>secusarguere-(1</strong></span> <span class='ocrx_word' id='word_1_14' title='bbox 1260 489 1358 568; x_wconf 80' lang='lat' dir='ltr'><strong>C·¹7·)</strong></span> 
     </span>
     <span class='ocr_line' id='line_1_3' title="bbox 93 603 1208 690; baseline 0.002 -26"><span class='ocrx_word' id='word_1_15' title='bbox 93 637 95 642; x_wconf 92' lang='grc'><strong><em>·</em></strong></span> <span class='ocrx_word' id='word_1_16' title='bbox 164 615 238 675; x_wconf 84' lang='lat' dir='ltr'><strong>tur,</strong></span> <span class='ocrx_word' id='word_1_17' title='bbox 265 604 410 683; x_wconf 83' lang='lat' dir='ltr'><strong>reticuit3</strong></span> <span class='ocrx_word' id='word_1_18' title='bbox 436 603 507 690; x_wconf 86' lang='lat' dir='ltr'><strong>dein</strong></span> <span class='ocrx_word' id='word_1_19' title='bbox 534 607 671 685; x_wconf 88' lang='lat' dir='ltr'><strong>proximo</strong></span> <span class='ocrx_word' id='word_1_20' title='bbox 691 613 812 664; x_wconf 85' lang='lat' dir='ltr'><strong>senatus</strong></span> <span class='ocrx_word' id='word_1_21' title='bbox 832 603 882 663; x_wconf 89' lang='lat' dir='ltr'><strong>die</strong></span> <span class='ocrx_word' id='word_1_22' title='bbox 905 603 987 664; x_wconf 86' lang='lat' dir='ltr'><strong>illius</strong></span> <span class='ocrx_word' id='word_1_23' title='bbox 1010 625 1132 686; x_wconf 88' lang='lat' dir='ltr'><strong>quoque</strong></span> <span class='ocrx_word' id='word_1_24' title='bbox 1147 627 1208 666; x_wconf 47' lang='lat' dir='ltr'><strong>*no-</strong></span> 
     </span>
    </p>

    <p class='ocr_par' dir='ltr' id='par_1_3' title="bbox 164 711 1211 793">
     <span class='ocr_line' id='line_1_4' title="bbox 164 711 1211 793; baseline 0.004 -23"><span class='ocrx_word' id='word_1_25' title='bbox 164 713 247 772; x_wconf 88' lang='lat' dir='ltr'><strong>mine</strong></span> <span class='ocrx_word' id='word_1_26' title='bbox 271 713 390 786; x_wconf 65' lang='lat' dir='ltr'><strong>orarit,</strong></span> <span class='ocrx_word' id='word_1_27' title='bbox 428 733 467 772; x_wconf 80' lang='lat' dir='ltr'><strong>ne</strong></span> <span class='ocrx_word' id='word_1_28' title='bbox 489 712 540 771; x_wconf 90' lang='lat' dir='ltr'><strong>cui</strong></span> <span class='ocrx_word' id='word_1_29' title='bbox 563 713 658 772; x_wconf 83' lang='lat' dir='ltr'><strong>verba</strong></span> <span class='ocrx_word' id='word_1_30' title='bbox 687 715 719 774; x_wconf 86' lang='lat' dir='ltr'><strong>iu</strong></span> <span class='ocrx_word' id='word_1_31' title='bbox 746 731 813 772; x_wconf 87' lang='lat' dir='ltr'><strong>eam</strong></span> <span class='ocrx_word' id='word_1_32' title='bbox 844 733 969 793; x_wconf 90' lang='lat' dir='ltr'><strong>quoquo</strong></span> <span class='ocrx_word' id='word_1_33' title='bbox 994 711 1084 771; x_wconf 88' lang='lat' dir='ltr'><strong>modo</strong></span> <span class='ocrx_word' id='word_1_34' title='bbox 1105 711 1211 774; x_wconf 82' lang='lat' dir='ltr'><strong>habita</strong></span> 
     </span>
    </p>

    <p class='ocr_par' dir='ltr' id='par_1_4' title="bbox 165 801 1207 906">
     <span class='ocr_line' id='line_1_5' title="bbox 165 801 1207 906; baseline 0.001 -26"><span class='ocrx_word' id='word_1_35' title='bbox 165 819 287 880; x_wconf 80' lang='lat' dir='ltr'><strong>crimini</strong></span> <span class='ocrx_word' id='word_1_36' title='bbox 311 819 422 880; x_wconf 87' lang='lat' dir='ltr'><strong>forent.</strong></span> <span class='ocrx_word' id='word_1_37' title='bbox 477 819 695 902; x_wconf 80' lang='lat' dir='ltr'><strong>Liberavitque</strong></span> <span class='ocrx_word' id='word_1_38' title='bbox 717 801 900 902; x_wconf 82' lang='lat' dir='ltr'><strong>Appuleiam</strong></span> <span class='ocrx_word' id='word_1_39' title='bbox 926 821 996 904; x_wconf 69' lang='lat' dir='ltr'><strong>¹lego</strong></span> <span class='ocrx_word' id='word_1_40' title='bbox 1024 821 1207 906; x_wconf 68' lang='lat' dir='ltr'><strong>maieptatisz</strong></span> 
     </span>
    </p>

    <p class='ocr_par' dir='ltr' id='par_1_5' title="bbox 128 920 1211 1316">
     <span class='ocr_line' id='line_1_6' title="bbox 128 920 1210 1012; baseline 0.001 -29"><span class='ocrx_word' id='word_1_41' title='bbox 128 920 312 990; x_wconf 68' lang='lat' dir='ltr'><strong>Gadulterii</strong></span> <span class='ocrx_word' id='word_1_42' title='bbox 337 929 507 1012; x_wconf 83' lang='lat' dir='ltr'><strong>graviorem</strong></span> <span class='ocrx_word' id='word_1_43' title='bbox 525 951 657 1012; x_wconf 85' lang='lat' dir='ltr'><strong>poenam</strong></span> <span class='ocrx_word' id='word_1_44' title='bbox 679 932 880 1012; x_wconf 86' lang='lat' dir='ltr'><strong>deprecatus,</strong></span> <span class='ocrx_word' id='word_1_45' title='bbox 902 941 935 991; x_wconf 88' lang='lat' dir='ltr'><strong>ut</strong></span> <span class='ocrx_word' id='word_1_46' title='bbox 955 928 1092 1011; x_wconf 80' lang='lat' dir='ltr'><strong>exemplo</strong></span> <span class='ocrx_word' id='word_1_47' title='bbox 1113 931 1210 990; x_wconf 84' lang='lat' dir='ltr'><strong>maio.</strong></span> 
     </span>
     <span class='ocr_line' id='line_1_7' title="bbox 165 1035 1211 1119; baseline -0.003 -22"><span class='ocrx_word' id='word_1_48' title='bbox 165 1059 234 1097; x_wconf 86' lang='lat' dir='ltr'><strong>rum</strong></span> <span class='ocrx_word' id='word_1_49' title='bbox 248 1037 437 1119; x_wconf 86' lang='lat' dir='ltr'><strong>propinquis</strong></span> <span class='ocrx_word' id='word_1_50' title='bbox 456 1036 515 1098; x_wconf 90' lang='lat' dir='ltr'><strong>suis</strong></span> <span class='ocrx_word' id='word_1_51' title='bbox 535 1035 617 1097; x_wconf 85' lang='lat' dir='ltr'><strong>ultra</strong></span> <span class='ocrx_word' id='word_1_52' title='bbox 638 1035 882 1098; x_wconf 84' lang='lat' dir='ltr'><strong>ducentesimum</strong></span> <span class='ocrx_word' id='word_1_53' title='bbox 910 1035 1041 1116; x_wconf 80' lang='lat' dir='ltr'><strong>lapidem</strong></span> <span class='ocrx_word' id='word_1_54' title='bbox 1071 1053 1211 1094; x_wconf 85' lang='lat' dir='ltr'><strong>remova-</strong></span> 
     </span>
     <span class='ocr_line' id='line_1_8' title="bbox 164 1143 1210 1228; baseline -0.001 -23"><span class='ocrx_word' id='word_1_55' title='bbox 164 1155 272 1222; x_wconf 87' lang='lat' dir='ltr'><strong>retur,</strong></span> <span class='ocrx_word' id='word_1_56' title='bbox 305 1148 409 1213; x_wconf 85' lang='lat' dir='ltr'><strong>suasit.</strong></span> <span class='ocrx_word' id='word_1_57' title='bbox 462 1146 610 1207; x_wconf 84' lang='lat' dir='ltr'><strong>Adultera</strong></span> <span class='ocrx_word' id='word_1_58' title='bbox 628 1144 747 1207; x_wconf 86' lang='lat' dir='ltr'><strong>Manlio</strong></span> <span class='ocrx_word' id='word_1_59' title='bbox 768 1146 854 1206; x_wconf 85' lang='lat' dir='ltr'><strong>ltalia</strong></span> <span class='ocrx_word' id='word_1_60' title='bbox 875 1156 967 1228; x_wconf 87' lang='lat' dir='ltr'><strong>atque</strong></span> <span class='ocrx_word' id='word_1_61' title='bbox 987 1143 1094 1204; x_wconf 82' lang='lat' dir='ltr'><strong>Africa</strong></span> <span class='ocrx_word' id='word_1_62' title='bbox 1113 1146 1210 1204; x_wconf 85' lang='lat' dir='ltr'><strong>inter·</strong></span> 
     </span>
     <span class='ocr_line' id='line_1_9' title="bbox 165 1253 359 1316; baseline -0.01 -2"><span class='ocrx_word' id='word_1_63' title='bbox 165 1253 282 1316; x_wconf 89' lang='lat' dir='ltr'><strong>dictum</strong></span> <span class='ocrx_word' id='word_1_64' title='bbox 306 1263 359 1314; x_wconf 86' lang='lat' dir='ltr'><strong>est.</strong></span> 
     </span>
    </p>

    <p class='ocr_par' dir='ltr' id='par_1_6' title="bbox 106 1343 1210 1442">
     <span class='ocr_line' id='line_1_10' title="bbox 106 1343 1210 1442; baseline 0.001 -21"><span class='ocrx_word' id='word_1_65' title='bbox 106 1343 155 1422; x_wconf 79' lang='grc'><strong>51</strong></span> <span class='ocrx_word' id='word_1_66' title='bbox 246 1359 294 1418; x_wconf 89' lang='lat' dir='ltr'><strong>De</strong></span> <span class='ocrx_word' id='word_1_67' title='bbox 325 1367 471 1440; x_wconf 84' lang='lat' dir='ltr'><strong>praetore</strong></span> <span class='ocrx_word' id='word_1_68' title='bbox 505 1359 535 1419; x_wconf 89' lang='lat' dir='ltr'><strong>in</strong></span> <span class='ocrx_word' id='word_1_69' title='bbox 567 1357 671 1420; x_wconf 89' lang='lat' dir='ltr'><strong>locum</strong></span> <span class='ocrx_word' id='word_1_70' title='bbox 701 1357 843 1442; x_wconf 73' lang='lat' dir='ltr'><strong>Vipstani</strong></span> <span class='ocrx_word' id='word_1_71' title='bbox 873 1358 972 1432; x_wconf 86' lang='lat' dir='ltr'><strong>Galli,</strong></span> <span class='ocrx_word' id='word_1_72' title='bbox 1010 1379 1100 1440; x_wconf 79' lang='lat' dir='ltr'><strong>quern</strong></span> <span class='ocrx_word' id='word_1_73' title='bbox 1130 1380 1210 1422; x_wconf 83' lang='lat' dir='ltr'><strong>mors</strong></span> 
     </span>
    </p>

    <p class='ocr_par' dir='ltr' id='par_1_7' title="bbox 118 1465 1284 1980">
     <span class='ocr_line' id='line_1_11' title="bbox 118 1465 1210 1549; baseline 0.004 -23"><span class='ocrx_word' id='word_1_74' title='bbox 118 1465 349 1540; x_wconf 56' lang='lat' dir='ltr'><strong>inabstutena</strong></span> <span class='ocrx_word' id='word_1_75' title='bbox 371 1465 567 1549; x_wconf 84' lang='lat' dir='ltr'><strong>subrogando</strong></span> <span class='ocrx_word' id='word_1_76' title='bbox 583 1479 740 1528; x_wconf 86' lang='lat' dir='ltr'><strong>certamen</strong></span> <span class='ocrx_word' id='word_1_77' title='bbox 758 1471 888 1529; x_wconf 80' lang='lat' dir='ltr'><strong>incessit.</strong></span> <span class='ocrx_word' id='word_1_78' title='bbox 932 1469 1133 1530; x_wconf 78' lang='lat' dir='ltr'><strong>Germanicus</strong></span> <span class='ocrx_word' id='word_1_79' title='bbox 1162 1480 1210 1530; x_wconf 85' lang='lat' dir='ltr'><strong>at·</strong></span> 
     </span>
     <span class='ocr_line' id='line_1_12' title="bbox 164 1565 1210 1658; baseline 0 -24"><span class='ocrx_word' id='word_1_80' title='bbox 164 1595 223 1655; x_wconf 84' lang='lat' dir='ltr'><strong>que</strong></span> <span class='ocrx_word' id='word_1_81' title='bbox 244 1575 363 1634; x_wconf 82' lang='lat' dir='ltr'>Drusus</span> <span class='ocrx_word' id='word_1_82' title='bbox 381 1579 465 1652; x_wconf 82' lang='lat' dir='ltr'><strong>(natu</strong></span> <span class='ocrx_word' id='word_1_83' title='bbox 489 1575 579 1646; x_wconf 75' lang='lat' dir='ltr'><strong>eti-arn</strong></span> <span class='ocrx_word' id='word_1_84' title='bbox 598 1565 665 1635; x_wconf 85' lang='lat' dir='ltr'><strong>tum</strong></span> <span class='ocrx_word' id='word_1_85' title='bbox 684 1577 800 1636; x_wconf 84' lang='lat' dir='ltr'><strong>Romae</strong></span> <span class='ocrx_word' id='word_1_86' title='bbox 815 1579 913 1654; x_wconf 79' lang='lat' dir='ltr'><strong>crunt)</strong></span> <span class='ocrx_word' id='word_1_87' title='bbox 935 1577 1094 1640; x_wconf 86' lang='lat' dir='ltr'><strong>Haterium</strong></span> <span class='ocrx_word' id='word_1_88' title='bbox 1107 1579 1210 1658; x_wconf 76' lang='lat' dir='ltr'><strong>Agrip·</strong></span> 
     </span>
     <span class='ocr_line' id='line_1_13' title="bbox 163 1677 1284 1766; baseline 0.002 -24"><span class='ocrx_word' id='word_1_89' title='bbox 163 1677 241 1762; x_wconf 40' lang='lat' dir='ltr'><strong>pam*</strong></span> <span class='ocrx_word' id='word_1_90' title='bbox 256 1685 462 1764; x_wconf 85' lang='lat' dir='ltr'><strong>propinquum</strong></span> <span class='ocrx_word' id='word_1_91' title='bbox 485 1685 664 1745; x_wconf 65' lang='lat' dir='ltr'><strong>(tn-manici</strong></span> <span class='ocrx_word' id='word_1_92' title='bbox 691 1685 855 1756; x_wconf 78' lang='lat' dir='ltr'><strong>fovebant:</strong></span> <span class='ocrx_word' id='word_1_93' title='bbox 879 1696 986 1746; x_wconf 86' lang='lat' dir='ltr'><strong>contra</strong></span> <span class='ocrx_word' id='word_1_94' title='bbox 1007 1683 1148 1766; x_wconf 84' lang='lat' dir='ltr'><strong>plerique</strong></span> <span class='ocrx_word' id='word_1_95' title='bbox 1166 1685 1212 1744; x_wconf 87' lang='lat' dir='ltr'><strong>ni-</strong></span> <span class='ocrx_word' id='word_1_96' title='bbox 1281 1730 1284 1736; x_wconf 86' lang='lat'>.</span> 
     </span>
     <span class='ocr_line' id='line_1_14' title="bbox 162 1787 1209 1874; baseline 0.004 -26"><span class='ocrx_word' id='word_1_97' title='bbox 162 1787 330 1862; x_wconf 76' lang='lat' dir='ltr'><strong>rebantur,</strong></span> <span class='ocrx_word' id='word_1_98' title='bbox 357 1800 392 1850; x_wconf 89' lang='lat' dir='ltr'><strong>ut</strong></span> <span class='ocrx_word' id='word_1_99' title='bbox 421 1811 566 1851; x_wconf 85' lang='lat' dir='ltr'><strong>numerus</strong></span> <span class='ocrx_word' id='word_1_100' title='bbox 589 1791 759 1852; x_wconf 83' lang='lat' dir='ltr'><strong>liberorum</strong></span> <span class='ocrx_word' id='word_1_101' title='bbox 793 1794 824 1852; x_wconf 94' lang='lat' dir='ltr'><strong>in</strong></span> <span class='ocrx_word' id='word_1_102' title='bbox 853 1792 1018 1854; x_wconf 85' lang='lat' dir='ltr'><strong>candidatis</strong></span> <span class='ocrx_word' id='word_1_103' title='bbox 1037 1791 1209 1874; x_wconf 76' lang='lat' dir='ltr'><strong>praepolle-</strong></span> 
     </span>
     <span class='ocr_line' id='line_1_15' title="bbox 163 1897 1210 1980; baseline 0.002 -23"><span class='ocrx_word' id='word_1_104' title='bbox 163 1907 234 1970; x_wconf 88' lang='lat' dir='ltr'><strong>ret,</strong></span> <span class='ocrx_word' id='word_1_105' title='bbox 268 1897 351 1980; x_wconf 90' lang='lat' dir='ltr'><strong>quod</strong></span> <span class='ocrx_word' id='word_1_106' title='bbox 372 1899 418 1958; x_wconf 84' lang='lat' dir='ltr'><strong>lex</strong></span> <span class='ocrx_word' id='word_1_107' title='bbox 442 1897 579 1962; x_wconf 86' lang='lat' dir='ltr'><strong>iubebat.</strong></span> <span class='ocrx_word' id='word_1_108' title='bbox 632 1899 816 1980; x_wconf 68' lang='lat' dir='ltr'><strong>Laetabatur</strong></span> <span class='ocrx_word' id='word_1_109' title='bbox 842 1899 1007 1976; x_wconf 83' lang='lat' dir='ltr'><strong>Tiberius,</strong></span> <span class='ocrx_word' id='word_1_110' title='bbox 1040 1921 1109 1960; x_wconf 86' lang='lat' dir='ltr'><strong>cum</strong></span> <span class='ocrx_word' id='word_1_111' title='bbox 1133 1900 1210 1959; x_wconf 79' lang='lat' dir='ltr'><strong>inter</strong></span> 
     </span>
    </p>

    <p class='ocr_par' dir='ltr' id='par_1_8' title="bbox 118 1988 1211 2306">
     <span class='ocr_line' id='line_1_16' title="bbox 118 1988 1211 2094; baseline 0.003 -30"><span class='ocrx_word' id='word_1_112' title='bbox 118 1990 247 2066; x_wconf 81' lang='lat' dir='ltr'><strong>15lilios</strong></span> <span class='ocrx_word' id='word_1_113' title='bbox 274 2008 338 2066; x_wconf 87' lang='lat' dir='ltr'><strong>eius</strong></span> <span class='ocrx_word' id='word_1_114' title='bbox 359 2017 390 2066; x_wconf 84' lang='lat' dir='ltr'><strong>at</strong></span> <span class='ocrx_word' id='word_1_115' title='bbox 410 2003 489 2088; x_wconf 73' lang='lat' dir='ltr'><strong>leges</strong></span> <span class='ocrx_word' id='word_1_116' title='bbox 519 2017 642 2068; x_wconf 87' lang='lat' dir='ltr'><strong>senatus</strong></span> <span class='ocrx_word' id='word_1_117' title='bbox 659 1988 853 2088; x_wconf 80' lang='lat' dir='ltr'><strong>disceptaret.</strong></span> <span class='ocrx_word' id='word_1_118' title='bbox 892 2007 985 2068; x_wconf 78' lang='lat' dir='ltr'><strong>Victa</strong></span> <span class='ocrx_word' id='word_1_119' title='bbox 1004 2018 1048 2068; x_wconf 84' lang='lat' dir='ltr'><strong>cst</strong></span> <span class='ocrx_word' id='word_1_120' title='bbox 1066 2008 1132 2094; x_wconf 76' lang='lat' dir='ltr'><strong>nipe</strong></span> <span class='ocrx_word' id='word_1_121' title='bbox 1152 2006 1211 2067; x_wconf 91' lang='lat' dir='ltr'><strong>du·</strong></span> 
     </span>
     <span class='ocr_line' id='line_1_17' title="bbox 162 2112 1209 2200; baseline 0.002 -28"><span class='ocrx_word' id='word_1_122' title='bbox 162 2113 214 2174; x_wconf 92' lang='lat' dir='ltr'><strong>bio</strong></span> <span class='ocrx_word' id='word_1_123' title='bbox 235 2112 304 2188; x_wconf 86' lang='lat' dir='ltr'><strong>lex,</strong></span> <span class='ocrx_word' id='word_1_124' title='bbox 329 2113 383 2174; x_wconf 88' lang='lat' dir='ltr'><strong>sed</strong></span> <span class='ocrx_word' id='word_1_125' title='bbox 410 2135 511 2197; x_wconf 84' lang='lat' dir='ltr'><strong>neque</strong></span> <span class='ocrx_word' id='word_1_126' title='bbox 538 2117 639 2195; x_wconf 76' lang='lat' dir='ltr'><strong>statim</strong></span> <span class='ocrx_word' id='word_1_127' title='bbox 665 2121 700 2178; x_wconf 80' lang='lat' dir='ltr'><strong>et&#39;</strong></span> <span class='ocrx_word' id='word_1_128' title='bbox 719 2119 825 2198; x_wconf 89' lang='lat' dir='ltr'><strong>paucis</strong></span> <span class='ocrx_word' id='word_1_129' title='bbox 852 2117 1026 2200; x_wconf 79' lang='lat' dir='ltr'><strong>suffragiis,</strong></span> <span class='ocrx_word' id='word_1_130' title='bbox 1055 2113 1209 2198; x_wconf 85' lang='lat' dir='ltr'><strong>quomodo</strong></span> 
     </span>
     <span class='ocr_line' id='line_1_18' title="bbox 164 2223 827 2306; baseline 0.003 -24"><span class='ocrx_word' id='word_1_131' title='bbox 164 2224 256 2284; x_wconf 87' lang='lat' dir='ltr'><strong>ctiam</strong></span> <span class='ocrx_word' id='word_1_132' title='bbox 275 2245 344 2284; x_wconf 82' lang='lat' dir='ltr'><strong>cuna</strong></span> <span class='ocrx_word' id='word_1_133' title='bbox 361 2223 499 2285; x_wconf 81' lang='lat' dir='ltr'><strong>valerent</strong></span> <span class='ocrx_word' id='word_1_134' title='bbox 512 2223 592 2306; x_wconf 84' lang='lat' dir='ltr'><strong>leges</strong></span> <span class='ocrx_word' id='word_1_135' title='bbox 614 2224 827 2290; x_wconf 80' lang='lat' dir='ltr'><strong>vincebantur.</strong></span> 
     </span>
    </p>

    <p class='ocr_par' dir='ltr' id='par_1_9' title="bbox 109 2316 1208 2502">
     <span class='ocr_line' id='line_1_19' title="bbox 109 2316 1208 2413; baseline -0.001 -22"><span class='ocrx_word' id='word_1_136' title='bbox 109 2323 173 2406; x_wconf 59' lang='lat'><strong>52</strong></span> <span class='ocrx_word' id='word_1_137' title='bbox 247 2330 363 2391; x_wconf 88' lang='lat' dir='ltr'><strong>Eodem</strong></span> <span class='ocrx_word' id='word_1_138' title='bbox 385 2351 468 2394; x_wconf 85' lang='lat' dir='ltr'><strong>anno</strong></span> <span class='ocrx_word' id='word_1_139' title='bbox 490 2340 631 2413; x_wconf 85' lang='lat' dir='ltr'><strong>coeptum</strong></span> <span class='ocrx_word' id='word_1_140' title='bbox 653 2333 685 2391; x_wconf 92' lang='lat' dir='ltr'><strong>in</strong></span> <span class='ocrx_word' id='word_1_141' title='bbox 710 2316 813 2393; x_wconf 79' lang='lat' dir='ltr'><strong>Africa</strong></span> <span class='ocrx_word' id='word_1_142' title='bbox 840 2331 955 2392; x_wconf 86' lang='lat' dir='ltr'><strong>bellum</strong></span> <span class='ocrx_word' id='word_1_143' title='bbox 976 2330 1053 2390; x_wconf 85' lang='lat' dir='ltr'><strong>duce</strong></span> <span class='ocrx_word' id='word_1_144' title='bbox 1073 2330 1208 2392; x_wconf 79' lang='lat' dir='ltr'><strong>hostiurn</strong></span> 
     </span>
     <span class='ocr_line' id='line_1_20' title="bbox 163 2437 1207 2502; baseline -0.002 -3"><span class='ocrx_word' id='word_1_145' title='bbox 163 2439 369 2501; x_wconf 75' lang='lat' dir='ltr'><strong>Tacfarinate.</strong></span> <span class='ocrx_word' id='word_1_146' title='bbox 412 2442 441 2502; x_wconf 84' lang='lat' dir='ltr'><strong>ls</strong></span> <span class='ocrx_word' id='word_1_147' title='bbox 469 2441 592 2502; x_wconf 84' lang='lat' dir='ltr'><strong>natione</strong></span> <span class='ocrx_word' id='word_1_148' title='bbox 607 2441 736 2502; x_wconf 84' lang='lat' dir='ltr'><strong>Numida</strong></span> <span class='ocrx_word' id='word_1_149' title='bbox 761 2443 791 2502; x_wconf 93' lang='lat' dir='ltr'><strong>in</strong></span> <span class='ocrx_word' id='word_1_150' title='bbox 813 2441 921 2502; x_wconf 83' lang='lat' dir='ltr'><strong>castris</strong></span> <span class='ocrx_word' id='word_1_151' title='bbox 935 2442 1080 2501; x_wconf 87' lang='lat' dir='ltr'><strong>Romanis</strong></span> <span class='ocrx_word' id='word_1_152' title='bbox 1098 2437 1207 2498; x_wconf 75' lang='lat' dir='ltr'><strong>ausili-</strong></span> 
     </span>
    </p>

    <p class='ocr_par' dir='ltr' id='par_1_10' title="bbox 112 2545 1308 3062">
     <span class='ocr_line' id='line_1_21' title="bbox 112 2545 1207 2630; baseline -0.002 -23"><span class='ocrx_word' id='word_1_153' title='bbox 112 2559 155 2599; x_wconf 46' lang='lat'><strong>201</strong></span> <span class='ocrx_word' id='word_1_154' title='bbox 164 2550 230 2612; x_wconf 85' lang='lat' dir='ltr'><strong>aria</strong></span> <span class='ocrx_word' id='word_1_155' title='bbox 251 2547 402 2630; x_wconf 86' lang='lat' dir='ltr'><strong>stipendia</strong></span> <span class='ocrx_word' id='word_1_156' title='bbox 425 2549 574 2625; x_wconf 84' lang='lat' dir='ltr'><strong>meritus,</strong></span> <span class='ocrx_word' id='word_1_157' title='bbox 596 2569 664 2610; x_wconf 88' lang='lat' dir='ltr'><strong>mox</strong></span> <span class='ocrx_word' id='word_1_158' title='bbox 683 2548 841 2624; x_wconf 78' lang='lat' dir='ltr'><strong>desertor,</strong></span> <span class='ocrx_word' id='word_1_159' title='bbox 865 2567 957 2630; x_wconf 81' lang='lat' dir='ltr'><strong>vagos</strong></span> <span class='ocrx_word' id='word_1_160' title='bbox 972 2551 1106 2626; x_wconf 85' lang='lat' dir='ltr'><strong>primurn</strong></span> <span class='ocrx_word' id='word_1_161' title='bbox 1119 2558 1148 2606; x_wconf 84' lang='lat' dir='ltr'><strong>et</strong></span> <span class='ocrx_word' id='word_1_162' title='bbox 1168 2545 1207 2606; x_wconf 87' lang='lat' dir='ltr'><strong>la-</strong></span> 
     </span>
     <span class='ocr_line' id='line_1_22' title="bbox 162 2652 1206 2737; baseline -0.001 -21"><span class='ocrx_word' id='word_1_163' title='bbox 162 2657 301 2716; x_wconf 80' lang='lat' dir='ltr'><strong>trociniis</strong></span> <span class='ocrx_word' id='word_1_164' title='bbox 330 2665 434 2716; x_wconf 86' lang='lat' dir='ltr'><strong>suetos</strong></span> <span class='ocrx_word' id='word_1_165' title='bbox 465 2652 678 2737; x_wconf 78' lang='lat' dir='ltr'><strong>adpraedam</strong></span> <span class='ocrx_word' id='word_1_166' title='bbox 706 2653 871 2736; x_wconf 77' lang='lat' dir='ltr'><strong>et&#39;raptus</strong></span> <span class='ocrx_word' id='word_1_167' title='bbox 896 2671 1099 2736; x_wconf 83' lang='lat' dir='ltr'><strong>congregare,</strong></span> <span class='ocrx_word' id='word_1_168' title='bbox 1136 2655 1206 2716; x_wconf 81' lang='lat' dir='ltr'><strong>dein</strong></span> 
     </span>
     <span class='ocr_line' id='line_1_23' title="bbox 163 2761 1206 2846; baseline 0.001 -23"><span class='ocrx_word' id='word_1_169' title='bbox 163 2781 249 2824; x_wconf 85' lang='lat' dir='ltr'><strong>more</strong></span> <span class='ocrx_word' id='word_1_170' title='bbox 274 2761 399 2825; x_wconf 87' lang='lat' dir='ltr'><strong>militiae</strong></span> <span class='ocrx_word' id='word_1_171' title='bbox 422 2784 478 2846; x_wconf 82' lang='lat' dir='ltr'><strong>per</strong></span> <span class='ocrx_word' id='word_1_172' title='bbox 504 2762 612 2825; x_wconf 76' lang='lat' dir='ltr'><strong>vexilla</strong></span> <span class='ocrx_word' id='word_1_173' title='bbox 632 2775 662 2826; x_wconf 88' lang='lat' dir='ltr'><strong>et</strong></span> <span class='ocrx_word' id='word_1_174' title='bbox 683 2775 799 2826; x_wconf 85' lang='lat' dir='ltr'><strong>turmas</strong></span> <span class='ocrx_word' id='word_1_175' title='bbox 820 2783 1019 2844; x_wconf 82' lang='lat' dir='ltr'><strong>componere,</strong></span> <span class='ocrx_word' id='word_1_176' title='bbox 1051 2774 1206 2845; x_wconf 83' lang='lat' dir='ltr'><strong>postremo</strong></span> 
     </span>
     <span class='ocr_line' id='line_1_24' title="bbox 162 2869 1308 2942; baseline -0.002 -10"><span class='ocrx_word' id='word_1_177' title='bbox 162 2893 225 2942; x_wconf 89' lang='lat' dir='ltr'><strong>non</strong></span> <span class='ocrx_word' id='word_1_178' title='bbox 266 2871 439 2932; x_wconf 82' lang='lat' dir='ltr'><strong>inconditae</strong></span> <span class='ocrx_word' id='word_1_179' title='bbox 476 2873 585 2933; x_wconf 83' lang='lat' dir='ltr'><strong>turbae</strong></span> <span class='ocrx_word' id='word_1_180' title='bbox 625 2871 678 2932; x_wconf 87' lang='lat' dir='ltr'><strong>sed</strong></span> <span class='ocrx_word' id='word_1_181' title='bbox 715 2869 968 2932; x_wconf 85' lang='lat' dir='ltr'><strong>Musulamiorum</strong></span> <span class='ocrx_word' id='word_1_182' title='bbox 998 2871 1059 2932; x_wconf 80' lang='lat' dir='ltr'><strong>dur</strong></span> <span class='ocrx_word' id='word_1_183' title='bbox 1090 2871 1206 2930; x_wconf 85' lang='lat' dir='ltr'><strong>haberi.</strong></span> <span class='ocrx_word' id='word_1_184' title='bbox 1305 2891 1308 2898; x_wconf 90' lang='lat'>·</span> 
     </span>
     <span class='ocr_line' id='line_1_25' title="bbox 164 2970 1210 3062; baseline -0.001 -23"><span class='ocrx_word' id='word_1_185' title='bbox 164 2979 276 3040; x_wconf 86' lang='lat' dir='ltr'><strong>Valida</strong></span> <span class='ocrx_word' id='word_1_186' title='bbox 297 2999 331 3040; x_wconf 85' lang='lat' dir='ltr'><strong>ea</strong></span> <span class='ocrx_word' id='word_1_187' title='bbox 353 2999 427 3060; x_wconf 82' lang='lat' dir='ltr'><strong>gens</strong></span> <span class='ocrx_word' id='word_1_188' title='bbox 451 2990 481 3040; x_wconf 88' lang='lat' dir='ltr'><strong>et</strong></span> <span class='ocrx_word' id='word_1_189' title='bbox 509 2977 727 3044; x_wconf 82' lang='lat' dir='ltr'><strong>solitudinibus</strong></span> <span class='ocrx_word' id='word_1_190' title='bbox 759 2978 880 3040; x_wconf 83' lang='lat' dir='ltr'><strong>Africae</strong></span> <span class='ocrx_word' id='word_1_191' title='bbox 899 2978 1087 3061; x_wconf 83' lang='lat' dir='ltr'><strong>propinqua,</strong></span> <span class='ocrx_word' id='word_1_192' title='bbox 1122 2970 1210 3062; x_wconf 64' lang='lat' dir='ltr'><strong>nullo&#39;</strong></span> 
     </span>
    </p>

    <p class='ocr_par' dir='ltr' id='par_1_11' title="bbox 119 3068 1302 3496">
     <span class='ocr_line' id='line_1_26' title="bbox 119 3068 1259 3169; baseline -0.002 -20"><span class='ocrx_word' id='word_1_193' title='bbox 119 3079 256 3149; x_wconf 69' lang='lat' dir='ltr'><strong>25&#39;etiam</strong></span> <span class='ocrx_word' id='word_1_194' title='bbox 279 3097 344 3148; x_wconf 88' lang='lat' dir='ltr'><strong>tum</strong></span> <span class='ocrx_word' id='word_1_195' title='bbox 366 3087 490 3148; x_wconf 85' lang='lat' dir='ltr'><strong>urbium</strong></span> <span class='ocrx_word' id='word_1_196' title='bbox 515 3085 624 3166; x_wconf 87' lang='lat' dir='ltr'><strong>cultu,</strong></span> <span class='ocrx_word' id='word_1_197' title='bbox 646 3091 726 3169; x_wconf 81' lang='lat' dir='ltr'><strong>cepit</strong></span> <span class='ocrx_word' id='word_1_198' title='bbox 753 3109 857 3164; x_wconf 82' lang='lat' dir='ltr'><strong>arma,</strong></span> <span class='ocrx_word' id='word_1_199' title='bbox 884 3081 1210 3169; x_wconf 76' lang='lat' dir='ltr'><strong>Maurosque-accolas</strong></span> <span class='ocrx_word' id='word_1_200' title='bbox 1257 3068 1259 3076; x_wconf 68' lang='lat'><em>,</em></span> 
     </span>
     <span class='ocr_line' id='line_1_27' title="bbox 165 3191 1207 3278; baseline -0.001 -22"><span class='ocrx_word' id='word_1_201' title='bbox 165 3198 198 3256; x_wconf 93' lang='lat' dir='ltr'><strong>in</strong></span> <span class='ocrx_word' id='word_1_202' title='bbox 225 3191 342 3260; x_wconf 86' lang='lat' dir='ltr'><strong>bellum</strong></span> <span class='ocrx_word' id='word_1_203' title='bbox 361 3197 464 3259; x_wconf 78' lang='lat' dir='ltr'><strong>traxit,</strong></span> <span class='ocrx_word' id='word_1_204' title='bbox 519 3197 588 3256; x_wconf 84' lang='lat' dir='ltr'><strong>Dux</strong></span> <span class='ocrx_word' id='word_1_205' title='bbox 617 3207 648 3257; x_wconf 88' lang='lat' dir='ltr'><strong>et</strong></span> <span class='ocrx_word' id='word_1_206' title='bbox 677 3195 726 3257; x_wconf 79' lang='lat' dir='ltr'><strong>liis</strong></span> <span class='ocrx_word' id='word_1_207' title='bbox 750 3197 903 3278; x_wconf 76' lang='lat' dir='ltr'><strong>Mazippa.</strong></span> <span class='ocrx_word' id='word_1_208' title='bbox 955 3196 1207 3277; x_wconf 72' lang='lat' dir='ltr'><strong>Divinusquccx·</strong></span> 
     </span>
     <span class='ocr_line' id='line_1_28' title="bbox 166 3302 1205 3379; baseline 0.001 -16"><span class='ocrx_word' id='word_1_209' title='bbox 166 3305 297 3379; x_wconf 75' lang='lat' dir='ltr'><strong>orcitus,</strong></span> <span class='ocrx_word' id='word_1_210' title='bbox 328 3315 365 3364; x_wconf 85' lang='lat' dir='ltr'><strong>ut</strong></span> <span class='ocrx_word' id='word_1_211' title='bbox 379 3303 559 3365; x_wconf 74' lang='lat' dir='ltr'><strong>Tacfarinas</strong></span> <span class='ocrx_word' id='word_1_212' title='bbox 573 3304 666 3365; x_wconf 85' lang='lat' dir='ltr'><strong>lectos</strong></span> <span class='ocrx_word' id='word_1_213' title='bbox 682 3305 771 3364; x_wconf 48' lang='lat' dir='ltr'><strong>&#39;viros</strong></span> <span class='ocrx_word' id='word_1_214' title='bbox 792 3315 822 3366; x_wconf 87' lang='lat' dir='ltr'><strong>et</strong></span> <span class='ocrx_word' id='word_1_215' title='bbox 845 3304 1016 3368; x_wconf 80' lang='lat' dir='ltr'><strong>Romanum</strong></span> <span class='ocrx_word' id='word_1_216' title='bbox 1036 3304 1067 3362; x_wconf 95' lang='lat' dir='ltr'><strong>in</strong></span> <span class='ocrx_word' id='word_1_217' title='bbox 1081 3302 1205 3364; x_wconf 85' lang='lat' dir='ltr'><strong>modum</strong></span> 
     </span>
     <span class='ocr_line' id='line_1_29' title="bbox 166 3408 1302 3496; baseline -0.004 -24"><span class='ocrx_word' id='word_1_218' title='bbox 166 3421 299 3474; x_wconf 84' lang='lat' dir='ltr'><strong>armatos</strong></span> <span class='ocrx_word' id='word_1_219' title='bbox 321 3411 426 3472; x_wconf 88' lang='lat' dir='ltr'><strong>castris</strong></span> <span class='ocrx_word' id='word_1_220' title='bbox 454 3411 620 3488; x_wconf 81' lang='lat' dir='ltr'><strong>attineret,</strong></span> <span class='ocrx_word' id='word_1_221' title='bbox 649 3408 809 3492; x_wconf 84' lang='lat' dir='ltr'><strong>disciplina</strong></span> <span class='ocrx_word' id='word_1_222' title='bbox 829 3422 859 3472; x_wconf 88' lang='lat' dir='ltr'><strong>ct</strong></span> <span class='ocrx_word' id='word_1_223' title='bbox 885 3409 1024 3495; x_wconf 85' lang='lat' dir='ltr'><strong>imperiis</strong></span> <span class='ocrx_word' id='word_1_224' title='bbox 1043 3418 1206 3489; x_wconf 81' lang='lat' dir='ltr'><strong>suesceret,</strong></span> <span class='ocrx_word' id='word_1_225' title='bbox 1291 3479 1302 3496; x_wconf 28' lang='grc' dir='ltr'><strong>Ν</strong></span> 
     </span>
    </p>
   </div>
   <div class='ocr_carea' id='block_1_3' title="bbox 176 3581 439 3600">
    <p class='ocr_par' dir='ltr' id='par_1_12' title="bbox 176 3581 439 3600">
     <span class='ocr_line' id='line_1_30' title="bbox 176 3581 439 3600; baseline 0.008 -4"><span class='ocrx_word' id='word_1_226' title='bbox 176 3581 439 3600; x_wconf 51' lang='grc' dir='ltr'><em>Ἤ</em></span> 
     </span>
    </p>
   </div>
   <div class='ocr_carea' id='block_1_4' title="bbox 168 3673 1206 4028">
    <p class='ocr_par' dir='ltr' id='par_1_13' title="bbox 168 3673 1206 4028">
     <span class='ocr_line' id='line_1_31' title="bbox 254 3673 1206 3748; baseline 0.002 -25"><span class='ocrx_word' id='word_1_227' title='bbox 254 3689 279 3742; x_wconf 69' lang='lat'><strong>9</strong></span> <span class='ocrx_word' id='word_1_228' title='bbox 302 3673 429 3744; x_wconf 78' lang='lat' dir='ltr'><strong>Vipsanii</strong></span> <span class='ocrx_word' id='word_1_229' title='bbox 446 3675 542 3745; x_wconf 81' lang='lat' dir='ltr'><strong>vulgo:</strong></span> <span class='ocrx_word' id='word_1_230' title='bbox 575 3677 702 3748; x_wconf 78' lang='lat' dir='ltr'><strong>Vipstani</strong></span> <span class='ocrx_word' id='word_1_231' title='bbox 722 3676 878 3739; x_wconf 72' lang='lat' dir='ltr'><strong>Bellienus,</strong></span> <span class='ocrx_word' id='word_1_232' title='bbox 902 3684 930 3729; x_wconf 84' lang='lat' dir='ltr'><strong>ct</strong></span> <span class='ocrx_word' id='word_1_233' title='bbox 947 3677 989 3729; x_wconf 73' lang='lat' dir='ltr'><strong>ita</strong></span> <span class='ocrx_word' id='word_1_234' title='bbox 1005 3675 1206 3730; x_wconf 77' lang='lat' dir='ltr'><strong>emendandum</strong></span> 
     </span>
     <span class='ocr_line' id='line_1_32' title="bbox 168 3768 1205 3844; baseline 0.011 -29"><span class='ocrx_word' id='word_1_235' title='bbox 168 3779 226 3816; x_wconf 78' lang='lat' dir='ltr'><strong>esse</strong></span> <span class='ocrx_word' id='word_1_236' title='bbox 247 3771 319 3816; x_wconf 84' lang='lat' dir='ltr'><strong>recte</strong></span> <span class='ocrx_word' id='word_1_237' title='bbox 340 3769 395 3818; x_wconf 84' lang='lat' dir='ltr'><strong>iam</strong></span> <span class='ocrx_word' id='word_1_238' title='bbox 413 3768 520 3822; x_wconf 83' lang='lat' dir='ltr'><strong>viderat</strong></span> <span class='ocrx_word' id='word_1_239' title='bbox 542 3768 753 3839; x_wconf 77' lang='lat' dir='ltr'><strong>Hageuhuclrins</strong></span> <span class='ocrx_word' id='word_1_240' title='bbox 772 3769 888 3840; x_wconf 73' lang='lat' dir='ltr'><strong>Epistol</strong></span> <span class='ocrx_word' id='word_1_241' title='bbox 907 3771 1047 3844; x_wconf 74' lang='lat' dir='ltr'><strong>epigraph.</strong></span> <span class='ocrx_word' id='word_1_242' title='bbox 1066 3788 1124 3841; x_wconf 78' lang='lat' dir='ltr'><strong>pag.</strong></span> <span class='ocrx_word' id='word_1_243' title='bbox 1146 3776 1205 3826; x_wconf 61' lang='lat' dir='ltr'><strong>aa&amp;</strong></span> 
     </span>
     <span class='ocr_line' id='line_1_33' title="bbox 204 3860 876 3934; baseline 0.003 -18"><span class='ocrx_word' id='word_1_244' title='bbox 204 3901 208 3916; x_wconf 72' lang='lat'><em>.</em></span> <span class='ocrx_word' id='word_1_245' title='bbox 236 3860 277 3912; x_wconf 74' lang='lat' dir='ltr'><strong>aa.</strong></span> <span class='ocrx_word' id='word_1_246' title='bbox 298 3861 544 3934; x_wconf 69' lang='lat' dir='ltr'><strong>Musulamiorum}</strong></span> <span class='ocrx_word' id='word_1_247' title='bbox 560 3867 666 3920; x_wconf 72' lang='lat' dir='ltr'><strong>neusuta</strong></span> <span class='ocrx_word' id='word_1_248' title='bbox 684 3867 821 3922; x_wconf 83' lang='lat' dir='ltr'><strong>maiorum</strong></span> <span class='ocrx_word' id='word_1_249' title='bbox 841 3866 876 3920; x_wconf 84' lang='lat' dir='ltr'><strong>tt.</strong></span> 
     </span>
     <span class='ocr_line' id='line_1_34' title="bbox 239 3949 556 4028; baseline 0.009 -20"><span class='ocrx_word' id='word_1_250' title='bbox 239 3949 280 4010; x_wconf 69' lang='lat' dir='ltr'><strong>at.</strong></span> <span class='ocrx_word' id='word_1_251' title='bbox 300 3953 395 4008; x_wconf 76' lang='lat' dir='ltr'><strong>aalide</strong></span> <span class='ocrx_word' id='word_1_252' title='bbox 416 3974 499 4028; x_wconf 75' lang='lat' dir='ltr'><strong>agens</strong></span> <span class='ocrx_word' id='word_1_253' title='bbox 521 3958 556 4011; x_wconf 73' lang='lat' dir='ltr'><strong>ld</strong></span> 
     </span>
    </p>
   </div>
   <div class='ocr_carea' id='block_1_5' title="bbox 0 0 1418 4730">
    <p class='ocr_par' dir='ltr' id='par_1_14' title="bbox 0 0 1418 4730">
     <span class='ocr_line' id='line_1_35' title="bbox 0 0 1418 4730; baseline 0 1"><span class='ocrx_word' id='word_1_254' title='bbox 0 0 1418 4730; x_wconf 95' lang='lat' dir='ltr'><strong> </strong></span> 
     </span>
    </p>
   </div>
  </div>
 </body>
</html>
