2862 4726
503 297 576 358 LlB.
600 297 653 360 Vl.
699 297 785 358 CAP.
804 303 845 366 20
858 305 938 366 *29-
1190 298 1272 369 251„

211 493 276 544 mat
298 469 474 564 ambiguum
499 479 557 542 sibi
580 501 616 540 ec
637 501 735 562 prope
763 479 905 542 ultimum
936 470 1100 542 discrimen
1132 477 1406 554 instare;(ec.13.)

211 592 292 652 Tum
326 591 496 672 complexus
528 607 597 650 eum
616 588 758 650 Tiberius
788 590 960 670 praescium
988 585 1193 669 periculorum
1221 595 1253 644 et

210 695 397 757 incolumem
420 693 486 764 fore
508 705 659 775 gratetur3
681 715 820 776 quaeque
842 694 973 767 dixerat,
996 692 1090 754 oracli
1111 692 1181 754 vice
1198 712 1251 753 uc·

210 806 346 888 cipiens,
370 806 451 864 inter
473 805 595 864 intimos
616 805 787 866 amicorum
810 813 906 866 tenet.
1078 811 1082 836 l

151 899 208 981 Q
293 913 352 974 Sed
373 913 448 973 mihi
469 913 543 974 haec
564 885 599 972 ec
618 911 691 974 talia
718 913 853 974 audienti
884 915 915 973 in
951 911 1070 972 incerto
1102 907 1249 970 iudicium

212 1031 273 1098 est,
299 1021 401 1106 letone
433 1043 483 1083 res
512 1020 690 1082 mortalium
722 1032 753 1082 et
785 1007 961 1082 necessitate
991 1014 1175 1079 immutabili
1208 1035 1246 1074 en

212 1127 292 1188 forte
313 1125 488 1188 volventur.
531 1129 654 1209 Quippe
676 1128 913 1208 sapientissimos
940 1136 1102 1203 veterum,
1136 1127 1262 1205 quique

209 1247 323 1298 sectam
343 1257 448 1296 eorum
467 1235 676 1314 aemulentur,
698 1236 831 1299 diversos
857 1236 1008 1317 reperies,
1023 1255 1059 1296 uc
1079 1213 1188 1294 multis'
1203 1232 1252 1292 iu·

165 1419 169 1427 ¹
210 1343 296 1403 sittim
329 1344 504 1422 opinionem
535 1361 597 1402 non
617 1341 705 1402 initia
727 1343 850 1417 nostri,
873 1363 934 1402 non
957 1343 1059 1412 finem,
1080 1362 1140 1400 non
1163 1339 1254 1402 deni·

157 1463 193 1504 10
212 1469 271 1531 que
290 1449 427 1510 homines
454 1427 501 1508 dis
522 1471 638 1527 curae3
660 1447 730 1510 ideo
754 1448 941 1510 creberrime
962 1449 1060 1508 tristia
1077 1449 1108 1508 in
1134 1447 1250 1522 bonos,

210 1555 287 1616 laeta
308 1556 388 1636 apud
410 1555 577 1616 deteriores
599 1573 672 1615 csse.
717 1555 832 1616 Contra
852 1551 904 1614 ulii
928 1553 1023 1612 fetum
1045 1554 1167 1633 quidem
1179 1577 1254 1616 con·

210 1684 322 1746 gruere
347 1661 437 1722 rebus
456 1672 582 1743 putent,
614 1661 747 1722 sednon
772 1681 790 1721 e
812 1661 895 1740 vagis
916 1657 1022 1732 stellis,
1042 1679 1151 1720 verum
1171 1659 1254 1742 apud

210 1773 358 1853 principia
378 1782 408 1830 et
426 1791 521 1830 nexus
547 1769 734 1830 naturalium
763 1789 948 1846 causarum3
972 1755 1017 1828 'ec
1043 1778 1147 1828 tamen
1175 1767 1254 1828 elee-

212 1879 330 1937 tionem
352 1881 433 1939 vitae
454 1877 543 1937 nobis
564 1876 763 1958 relinquunt,
785 1897 876 1958 quam
892 1877 945 1938 ubi
970 1874 1116 1958 elegeris,
1132 1882 1252 1936 certum

63 1973 65 1976 ⁵
157 1980 436 2048 t5imminentium
459 1987 752 2069 ordinetheque
773 1985 852 2048 mala
874 1985 923 2047 vel
942 1985 1023 2046 bonu
1044 2005 1123 2067 quae
1144 1983 1254 2064 vulgus
1297 2007 1301 2022 '¹

210 2103 318 2176 putet:
344 2093 457 2154 multos
472 2095 530 2176 *qui
552 2086 718 2156 conflictari
749 2095 881 2156 adversis
914 2095 1099 2170 videantur,'
1123 2091 1251 2168 beatos,

210 2209 242 2260 at
263 2198 421 2282 plerosque
440 2222 616 2282 quanquam
648 2223 772 2284 magnes
810 2223 863 2284 per
899 2223 972 2284 opes
999 2201 1204 2278 miserrimos,
1229 2203 1254 2262 si

164 2317 170 2330 ‘
210 2303 256 2366 illi
276 2328 401 2388 gravem
421 2309 577 2372 l'ortuuem
598 2321 771 2374 constanter
800 2309 948 2386 tolerent,
974 2310 1006 2370 lii
1029 2331 1175 2392 prospere
1203 2314 1254 2393 in·

211 2414 349 2478 consulte
369 2425 511 2476 utentur.
536 2418 685 2478 Ceterum
710 2415 851 2498 plurimis
870 2409 1045 2477 mortalium
1069 2438 1129 2478 non
1154 2419 1253 2494 eximi·

153 2537 194 2578 πο
213 2529 284 2593 tur,
309 2518 384 2600 quin
405 2522 503 2600 primo
526 2521 674 2602 cuiusque
701 2534 770 2582 ortu
803 2532 933 2583 venturu
958 2522 1172 2597 destinentur;
1202 2525 1254 2586 sed

213 2621 366 2708 quaedum
381 2648 487 2700 secus,
512 2650 605 2709 quem
626 2628 708 2689 dicta
730 2632 815 2706 sint,
837 2629 964 2706 cudere,
990 2630 1116 2693 fallaciis
1147 2633 1255 2719 ignaru

213 2734 396 2796 dicentium:
422 2734 463 2794 itu
484 2737 639 2816 corrumpi
658 2733 747 2794 fidem
770 2737 857 2813 artis,
880 2737 966 2796 ouius
987 2733 1067 2796 clera
1088 2735 1255 2798 documen·

212 2852 243 2902 te
265 2851 295 2902 et
317 2843 445 2923 antiqua
465 2852 546 2903 aetas
567 2853 597 2904 et
617 2852 722 2904 nostra
742 2841 855 2904 tulerit.
898 2845 1019 2926 Quippe
1041 2865 1059 2904 a
1088 2842 1150 2903 filio
1174 2849 1254 2904 eius·

212 2996 489 3008 t—-u-s-—n———nn—-Q

303 3074 330 3144 ⁸2
348 3091 382 3127 ac
399 3077 493 3128 multis
516 3064 629 3131 insitam
647 3075 815 3150 opinionem]
852 3077 901 3171 ¹31⁸*
927 3073 1021 3146 opinio
1039 3076 1254 3146 Epicureorumr

154 3233 156 3242 s
212 3181 286 3238 quae
304 3177 459 3239 sequuntur
480 3186 513 3222 ex
532 3173 685 3224 Stoicorum
704 3173 825 3225 doctrine
848 3173 964 3241 repetita
981 3178 1054 3229 sunt.
1074 3172 1140 3222 lltne
1165 3153 1276 3222 sectsc'

212 3279 273 3314 curn
295 3263 384 3316 Taciti
401 3272 491 3318 aetate
504 3265 583 3318 unice
601 3265 740 3331 florerent,
753 3267 817 3320 inde
830 3276 916 3338 petet,
933 3285 1085 3322 cuneorum
1099 3269 1253 3320 sententiae

212 3357 266 3410 hoc
284 3343 345 3411 toc'o
366 3363 523 3421 afferentur.
1256 3361 1260 3366 ι

214 3435 217 3446 ’
289 3473 327 3510 ιο.
350 3455 531 3538 creberrime]
547 3459 715 3512 creberrima
733 3473 761 3512 et
784 3461 830 3526 M3
852 3441 970 3514 correxit
988 3461 1203 3519 Freinshemius.·

258 3581 259 3589 κ
291 3569 330 3620 ¹9·
353 3572 410 3606 non
430 3559 561 3609 eximitur
578 3557 597 3606 i.
616 3574 640 3609 c.
658 3574 714 3608 non
743 3533 1070 3628 subtraliiturpersuasio
1097 3563 1153 3612 sive
1183 3555 1254 3634 eripi
1311 3563 1314 3571 '

216 3661 248 3696 ea
267 3663 324 3698 uon
341 3657 440 3716 potest.
465 3652 546 3706 Cous.
576 3652 693 3706 Gronov.
720 3654 832 3707 Obserr.
851 3655 890 3716 11,
911 3655 951 3722 ¹4·
979 3655 1134 3709 Boettichcr
1154 3659 1253 3712 Leiico

217 3741 308 3792 Tacit.
330 3757 351 3793 s.
371 3759 396 3797 v.
416 3747 543 3801 eximere.
580 3748 1053 3820 Tacitusnonobscuresignificat
1079 3733 1253 3808 forconinos
1312 3749 1315 3758 ¹

217 3850 283 3889 suae
304 3839 405 3890 aetatis
433 3839 556 3894 homines
584 3843 782 3910 astrologorum
810 3846 1007 3914 superstitione
1031 3847 1148 3906 inlectos
1178 3868 1256 3916 csse,

216 3932 264 3988 sed
285 3948 314 3985 se
333 3934 421 4005 ipsum
436 3936 482 3988 isti
500 3939 551 3991 arti
572 3955 628 3994 non
646 3941 761 3996 multum
782 3942 914 3998 tribuero.
