2826 4730
227 239 296 324 ras
650 255 864 316 truamur

69 443 102 514 le
119 445 137 495 C
159 441 211 515 αα.)
223 463 271 508 res
291 441 431 501 certatim
448 447 656 519 exsurgerent,
672 437 820 518 foedaque
835 447 866 498 et
889 440 981 498 nimia
993 451 1174 514 ,censerent
1198 439 1265 502 Me·

226 549 345 610 moriac
366 545 506 628 proditur
539 533 721 617 Tiberium,
754 545 896 626 quotiens
930 548 1017 605 curia
1042 545 1265 628 egrederetur,

226 656 349 718 Graccis
371 655 474 716 verbis
494 655 524 714 in
545 653 628 712 hunc
645 653 770 714 modum
794 651 895 735 eloqui
914 651 1036 716 solitum
1062 676 1106 731 „0
1127 655 1268 714 homines

227 765 264 824 ad
285 765 462 825 servitutem
484 767 639 844 paratos.“
681 761 802 822 Scilicet
823 763 914 822 etiam
936 759 1037 836 illum,
1061 763 1113 843 qui
1136 761 1272 823 liberta·

226 847 288 934 tem
310 864 461 954 publicam
482 871 596 948 nollet,
618 881 678 932 tam
701 871 855 952 proiectae
882 873 1079 932 servientium
1099 858 1299 952 patientia'c5

226 981 379 1048 taedebat.
1204 969 1205 972 Ἰ

306 1089 458 1153 Paulatim
479 1089 599 1150 dehinc
623 1089 661 1150 ab
691 1088 843 1150 indecoris
858 1087 900 1161 ,ad
926 1088 1032 1148 infesta
1055 1060 1318 1170 transgredie·66

226 1171 350 1262 bantur.
392 1201 502 1268 Gaium
522 1197 659 1286 Silanum
680 1195 898 1280 proconsulem
921 1198 1038 1272 Asiae,
1079 1200 1265 1276 repetunda-

228 1298 337 1366 ruma
358 1307 445 1367 sociis
469 1305 671 1388 postulatum,
699 1308 873 1366 Mamercus
899 1305 1067 1365 Scauruse
1096 1299 1266 1383 consulari·
1353 1322 1355 1331 ·

220 1415 542 1488 ‘bus,Iunius10tlro
573 1425 714 1496 praetor,
750 1411 903 1474 Brutidius
925 1413 1017 1494 Niger
1038 1413 1145 1472 aedilis
1176 1411 1267 1472 simul
1288 1420 1319 1457 ¹⁰

229 1523 417 1602 corripiunt,
447 1523 666 1602 obiectantque
710 1519 857 1580 violatum
882 1519 1015 1602 Augusti
1037 1507 1270 1601 nuurensspre·

206 1611 291 1690 ¹tam
310 1631 428 1692 Tiberli
448 1617 874 1710 maiestatem,'Mamercus‚
906 1630 1032 1710 antiqua
1058 1629 1195 1711 exempla
1224 1632 1269 1690 ia.

149 1750 154 1768 ¹
198 1750 200 1758 “
230 1744 323 1813 ciens,
349 1727 477 1800 Lucium
500 1725 655 1800 Cottame
676 1741 819 1820 Scipione
835 1739 1004 1815 African0,
1026 1739 1167 1802 Servium
1196 1737 1270 1798 Gal-

228 1850 301 1911 bam
325 1871 342 1908 a
365 1849 480 1934 Catone
499 1833 648 1927 censorio,
662 1848 970 1910 PubliumRutilium
990 1869 1008 1906 a
1023 1849 1128 1907 Marco
1150 1848 1269 1910 Scauro

187 1996 189 2002 ,
229 1961 394 2034 accusatos.
438 1958 589 2020 Videlicet
599 1961 700 2042 Scipio
718 1971 748 2020 et
769 1961 845 2019 Cato
863 1957 936 2020 talia
952 1956 1194 2038 ulciscebantur,
1216 1971 1269 2019 aut
1292 1952 1322 2014 ¹5

229 2064 281 2128 ille
305 2067 461 2152 Scaurus,
488 2087 579 2147 quem
601 2089 752 2150 proavum
782 2087 871 2128 suum
899 2061 1097 2148 opprobrium
1121 2069 1272 2130 maiorum
1340 2048 1343 2063 ι

144 2248 149 2266 Α
231 2177 402 2242 Mamercus
422 2174 528 2234 infami
547 2196 644 2256 opera
664 2177 896 2240 dehonestabat.
940 2181 1029 2242 Iunio
1050 2177 1171 2240 Othoni
1190 2178 1273 2240 litto·
1309 2153 1312 2164 ¹

181 2333 183 2341 .
229 2300 334 2342 rarum
368 2280 474 2342 ludum
496 2300 634 2343 exercere
660 2297 748 2360 vetus
767 2309 815 2346 ars
835 2287 912 2348 suit:
930 2310 998 2348 mox
1016 2289 1117 2350 Seiani
1135 2289 1274 2368 potentia

231 2400 355 2449 senator
394 2370 524 2448 obscura
568 2391 654 2452 initia
689 2393 918 2475 impudentibus
960 2401 1039 2460 ausis
1075 2393 1273 2478 propellebat.

232 2493 417 2560 Brutidiumss
434 2499 551 2558 artibus
574 2497 712 2563 honestis
741 2493 897 2584 cbpiosum
929 2514 980 2579 et,
1012 2505 1038 2564 si
1066 2514 1182 2564 rectum
1216 2502 1273 2562 iter
1290 2509 1324 2548 2⁰

174 2636 178 2640 ·
232 2615 393 2686 pergeret,
418 2603 649 2672 adclarissima
666 2633 804 2694 quaeque
834 2613 971 2690 iturum,
998 2611 1150 2672 festinatio
1181 2611 1272 2670 exsti-

232 2711 394 2786 mulabat‚'
419 2709 492 2777 dum
515 2715 671 2821 aequalis,
695 2720 764 2779 dein
788 2722 983 2802 superiores,
1012 2732 1171 2803 postremo
1190 2739 1273 2779 suas·

233 2836 295 2884 met
316 2827 379 2906 ipse
402 2846 468 2908 spes
482 2829 599 2903 anteire
618 2838 726 2908 parat3
744 2819 826 2910 duod
848 2828 957 2890 multos
980 2831 1072 2892 etiam
1092 2828 1190 2888 bonos
1205 2847 1273 2910 pes-

234 2973 511 2987 n—‘n—-u-—n

308 3085 347 3126 ro.
364 3067 520 3122 bruttedius
537 3071 580 3133 M,
599 3077 627 3120 et
642 3085 705 3122 mox
722 3067 906 3136 bruttedium3
933 3074 1052 3123 correxit
1069 3072 1224 3128 Bhenanus.

307 3181 348 3234 ¹9·
366 3155 563 3234 propblluebat
588 3163 637 3239 M:
667 3166 840 3236 propellebat
870 3161 1036 3239 Groslotius.
1056 3193 1084 3207 -
1104 3164 1275 3235 propellebat

235 3267 278 3310 est
294 3245 427 3328 procula
445 3277 472 3310 se
491 3259 627 3331 pellebat,
648 3261 723 3331 qnod
740 3261 843 3312 factum
869 3259 933 3310 dum
953 3259 1002 3310 ille
1019 3263 1109 3328 pergit
1140 3260 1176 3311 ad
1195 3260 1274 3312 altio-

235 3371 265 3406 ra
285 3353 369 3414 etab
393 3355 519 3408 obscuris
550 3356 638 3407 initiis
658 3362 769 3408 remota.
813 3356 904 3408 Simili
939 3356 1139 3428 significatione
1175 3356 1275 3409 dicitur

220 3432 421 3522 proturbare,
437 3452 600 3522 profligare.
637 3450 757 3502 Verbum
784 3451 940 3504 inauditum
966 3452 1141 3521 propolluere
1166 3449 1273 3522 legibus

227 3545 442 3614 ,compositionis
462 3522 570 3612 prorsus
588 3551 630 3620 est
647 3547 833 3608 contrarium,
852 3563 912 3596 nam
931 3547 1056 3614 polluere
1075 3563 1135 3598 cum
1164 3559 1274 3612 compo-

163 3617 180 3724 Ἰ
235 3641 318 3691 situm
337 3643 373 3693 sit
391 3657 425 3708 er
437 3641 547 3691 Aeoltco
571 3642 639 3692 norb
655 3649 683 3692 et
698 3641 786 3704 luere,
805 3643 979 3712 propollncre
998 3643 1276 3715 estpropoti-luene»

203 3789 205 3794 f
237 3735 264 3785 h.
283 3751 306 3785 e.
327 3735 581 3787 verbirnonstrum.

308 3839 349 3882 nt.
364 3844 511 3902 perageret
530 3805 574 3880 Mi
591 3841 718 3898 pergeret
735 3827 890 3882 Rhenanus.

309 3929 352 3980 aa.
373 3937 436 3978 aute
454 3939 567 4003 reparat
587 3925 633 3978 M:
652 3927 761 3981 arateire
781 3939 864 3997 parat
884 3926 1038 3992 Rhenanus.
