2900 4724
275 307 337 372 ³74
699 303 908 366 AllllALlUlll

124 487 152 556 (s
168 487 365 562 C.58.)caelo‚
388 503 551 564 precesque
574 481 749 544 mortalium
769 505 785 544 e
802 483 865 544 deis
881 504 1028 566 nusquam
1047 487 1171 565 propius
1189 482 1302 546 audiri.

271 594 345 691 lude
367 592 552 673 indulgentia
572 595 732 654 numinum
754 589 806 652 illo
827 594 857 653 in
884 613 972 652 smne
996 591 1115 673 illisque
1147 589 1229 651 silvis
1249 611 1299 649 sa·

271 703 330 764 lem
353 702 537 783 provenire,
556 722 627 760 ,non
655 712 689 760 ut
711 701 784 760 alias
820 701 899 786 apud
939 711 1041 782 gentes
1073 697 1172 762 eluvie
1203 702 1298 764 maris

270 819 424 886 arescente
444 809 548 881 unda,
569 810 621 869 sed
642 831 731 892 snper
753 811 910 870 ardentem
929 809 1073 871 arborum
1094 819 1210 870 struem
1234 809 1298 867 fusa

269 939 303 977 ex
326 916 484 977 contrariis
504 915 583 975 iuter
604 935 635 974 se
656 915 829 988 elementis,'
843 916 912 996 igne
933 926 1025 996 atque
1048 919 1145 998 aquis,
1172 915 1335 978 nouere-5

267 1037 342 1091 tum.
386 1024 446 1086 Sed
461 1023 573 1084 bellum
594 1023 817 1084 Hermunduris
840 1043 1040 1105 prosperum,
1064 1024 1180 1084 Chattis
1201 1024 1299 1084 exitio

266 1135 328 1192 sius
349 1131 428 1217 fuit,
448 1132 520 1211 quia
542 1129 671 1190 victores
694 1129 847 1189 'diversam
879 1133 973 1190 aciem
998 1133 1091 1190 Marti
1119 1153 1153 1190 ac
1175 1133 1298 1190 Mercu·

266 1241 313 1297 rio
334 1257 511 1311 secrevere,
535 1256 596 1317 quo
617 1247 688 1296 voto
708 1238 777 1316 equi
801 1219 881 1309 liri,
913 1247 1023 1296 cuncta
1053 1239 1133 1296 victa
1157 1238 1297 1302 occidoni

267 1345 390 1410 dantur.
433 1344 473 1404 Et
493 1345 596 1404 minae
609 1343 734 1424 quidem
750 1342 872 1404 hostiles
892 1347 924 1403 in
944 1345 1024 1424 ipsos
1043 1337 1213 1409 vertebant.
1234 1345 1295 1404 Sed

86 1493 90 1504 ·
170 1483 173 1494 s
266 1453 373 1513 eirites
393 1452 545 1512 Ubiorum
566 1453 644 1512 socia
670 1453 757 1512 nobis
789 1450 867 1512 malo
901 1453 1066 1531 improuiso
1095 1441 1207 1512 afflicta
1239 1463 1291 1512 est.
1318 1487 1353 1528 10

265 1558 342 1618 Nem
365 1559 446 1638 ignes
466 1570 548 1617 terra
568 1558 641 1616 editi
662 1556 748 1618 villas
772 1578 843 1616 arra
865 1559 945 1618 vicos
960 1560 1070 1638 passim
1083 1557 1295 1638 corripiebant,

264 1667 514 1746 serebanturque·
535 1667 566 1724 iu
600 1665 660 1744 ipse
698 1665 837 1724 conditae
873 1687 969 1744 nuper
1001 1666 1136 1726 coloniae
1166 1667 1294 1724 moenia.

263 1762 368 1853 ll'eque
404 1775 551 1854 exstingui
578 1781 725 1853 poterant,
752 1793 811 1832 non
835 1775 857 1832 si
880 1773 990 1834 imbres
1010 1773 1161 1847 caderent,
1185 1789 1247 1831 non
1269 1776 1293 1832 si

264 1877 437 1961 fluvialibus
472 1881 560 1959 aquis
596 1889 648 1936 aut
681 1899 743 1970 qnp
777 1879 835 1936 elin
872 1880 1019 1950 humore,
1061 1880 1157 1940 donee
1192 1881 1293 1959 inopia

263 1986 391 2048 remedii
423 1995 454 2045 et
482 1987 525 2044 ira
558 1985 652 2044 cladis
682 1997 812 2066 agrestes
838 1987 961 2066 qnidam
994 1989 1112 2068 eminus
1144 2011 1212 2048 saxa
1249 1991 1291 2048 ia—
1317 1993 1351 2056 ¹5

262 2115 353 2169 cere,
375 2091 445 2152 dein
468 2091 668 2172 residentibus
685 2091 810 2150 flammis
833 2094 954 2171 propius
975 2095 1123 2173 suggressi
1148 2097 1211 2154 ictu
1244 2097 1293 2154 lu-

263 2201 354 2259 stium
378 2196 504 2276 aliisque
524 2196 703 2256 verberibus
719 2206 753 2256 ut
777 2198 854 2256 seras
874 2191 1092 2264 absterrebant.
1134 2202 1293 2262 Postremo

262 2307 395 2386 tegmine
416 2305 533 2383 corpori
559 2301 683 2382 decepte
714 2304 878 2374 inficiunt,
909 2317 1022 2383 quanto
1047 2308 1138 2390 magis
1162 2309 1291 2388 prolana

261 2425 292 2474 et
311 2433 368 2473 usu
389 2412 525 2493 polluta,
547 2421 632 2470 tanto
657 2412 750 2492 magis
771 2432 949 2491 oppressura
972 2413 1065 2493 ignes.

301 2519 418 2581 Eodem
434 2539 515 2580 nuno
530 2517 720 2578 Ruminalem
735 2519 876 2579 arborem
898 2519 926 2578 in
949 2523 1080 2596 comitio,
1100 2543 1178 2602 quae
1194 2527 1275 2582 notin
1292 2527 1347 2604 58
1434 2513 1435 2604 l

259 2638 365 2711 gentos
384 2641 413 2690 et
435 2625 634 2711 quadraginta
659 2609 729 2688 ante
757 2649 852 2688 annos
883 2631 967 2688 Remi
992 2629 1170 2710 Romulique
1190 2630 1289 2690 iufau-

259 2737 337 2820 tium·
347 2747 474 2816 texerat,
500 2738 627 2798 mortuis
653 2735 816 2796 ramalibus
839 2748 868 2796 et
890 2747 1040 2796 arescente
1060 2744 1171 2797 trunco
1191 2735 1288 2796 demi·

304 2961 307 2971 ’
349 2990 373 3025 s.
393 2975 477 3026 salem
498 2975 679 3026 Puteolanus:
697 2978 759 3026 item
777 2973 890 3023 codices.

344 3067 368 3133 4.
389 3080 510 3120 urentem
528 3068 634 3119 netu:
655 3067 795 3119 ardentem
814 3067 964 3118 Rhenanus,
1001 3070 1065 3120 llos
1082 3067 1283 3126 respersisti..

260 3162 323 3214 dein
342 3178 498 3216 concretum
513 3161 635 3230 Lipsius:
655 3163 760 3214 codices
779 3175 917 3217 concrete.
944 3162 1167 3228 puniebantur
1184 3163 1234 3216 llls·

334 3274 370 3309 ro.
390 3259 522 3310 Vibonem
540 3256 665 3310 tudun:
688 3256 814 3308 Ubiorum
832 3256 949 3306 euuiecit.
969 3255 1000 3304 N.
1022 3256 1149 3306 Heinsius
1167 3262 1195 3304 ct
1213 3270 1286 3322 egre·

267 3357 308 3421 gie
330 3354 498 3404 vindicavere
509 3353 642 3404 duumviri
660 3367 746 3400 rernm
766 3351 931 3400 natm-alium
945 3351 1116 3416 peritissimi,
1128 3351 1157 3404 E.
1171 3348 1204 3402 G.
1219 3348 1288 3399 Nees

170 3446 175 3454 '
260 3448 293 3497 ab
312 3445 451 3497 lisenbecls
470 3455 498 3497 et
519 3450 536 3497 l.
558 3447 735 3515 Noeggeratlr.
778 3447 848 3496 Vide
871 3447 1061 3512 Norggeratbii
1091 3443 1208 3504 librum,
1240 3445 1288 3511 qut

259 3540 434 3592 inscribitur:
463 3540 656 3608 DasGebirge
679 3545 706 3592 in
726 3539 1077 3604 Rbeinland·ll'estplralcn.
1121 3538 1240 3594 votttt.
1262 3554 1286 3603 p.
1320 3563 1323 3582 ι

259 3636 293 3701 59
313 3664 346 3675 -
363 3653 416 3686 rin.
464 3634 581 3688 Condita
610 3656 696 3698 nuper
723 3639 834 3688 colonia
866 3646 906 3686 ert
929 3635 1048 3686 *Colonia
1076 3633 1286 3702 Agrippinensis.

259 3728 300 3783 Cf.
319 3727 376 3788 llll,
388 3747 427 3796 27.
445 3731 554 3780 Tacitus
569 3730 699 3780 describit
715 3733 870 3782 incendium
885 3730 1089 3780 subterraneum
1101 3725 1284 3792 (Erdbrandt.

331 3825 367 3876 ¹6.
389 3825 575 3876 resistentibus
593 3826 642 3878 Ml.
663 3825 733 3875 Delu
751 3825 862 3894 derepta
880 3826 917 3874 A:
936 3823 1018 3874 ceteri
1033 3822 1149 3893 direpta·
1228 3807 1230 3812 Ι

327 3931 365 3966 πο,
385 3917 568 3988 septingentos
580 3918 628 3968 bl·¹
639 3917 702 3968 Mox
713 3920 894 3979 reviresceret
908 3915 1038 3969 erchem:
1049 3919 1090 3970 Ψ
1104 3917 1286 3970 reviresceret.
