2862 4730
225 274 264 379 ro
622 258 854 370 ‘Arainon
947 313 949 320 ⁴

124 413 147 452 a

76 493 392 572 (aC.16.)noscenrlos
414 507 550 570 menteS,
575 515 647 556 cum
669 497 774 556 secreti
800 505 830 556 et
851 494 1025 556 incustoditi
1048 497 1131 556 iuter
1157 493 1269 557 milita·

223 603 265 663 ris
289 601 373 661 cibos
395 623 478 684 spem
503 613 556 664 aut
576 613 691 661 metum
714 602 896 682 proferrent.
942 603 1038 662 Nocte
1051 614 1158 684 coepta
1171 586 1327 685 egres-lii

223 731 275 770 sus
299 709 437 791 augurali
457 730 514 792 per
533 712 652 772 occulta
681 723 712 772 et
741 711 884 793 vigilibus
905 713 1029 793 ignara,
1062 713 1174 772 comite
1194 735 1265 789 uno,

224 828 381 878 contectus
401 815 550 900 humeros*
577 818 677 879 ferina
700 819 798 901 pelle,
827 819 890 879 odit
917 831 1086 882 castrorum
1109 819 1175 880 vias
1196 823 1272 880 assi·

227 927 280 988 stit
300 909 521 1003 tabernaculis,
544 928 719 1009 fruiturque
736 928 814 986 fama
838 928 902 1005 sui,
925 949 995 987 cum
1011 928 1062 987 hie
1082 923 1272 987 nobilitatem
1289 918 1306 978 5

226 1033 331 1110 ducis,
367 1031 508 1094 decorem
532 1033 628 1110 alius,
659 1031 783 1115 plurimi
805 1033 981 1115 patientiam
1001 1034 1197 1109 comitatem,
1219 1057 1273 1118 per

208 1139 302 1202 »seria
323 1160 377 1222 per
397 1139 479 1200 iocos
503 1137 638 1199 eundem
658 1138 792 1198 animum
813 1137 955 1198 laudibus
978 1139 1113 1215 ferrent,
1137 1139 1274 1201 redden-

226 1245 357 1326 damque
379 1246 561 1328 gratiarnm
582 1246 646 1304 acie
667 1235 858 1318 laterentur,
880 1243 970 1304 simul
994 1246 1123 1326 perfidos
1144 1258 1176 1309 et
1196 1271 1273 1332 rup-

230 1365 310 1414 tores
333 1355 414 1435 pacis
433 1353 544 1413 ultioni
567 1363 596 1412 et
616 1350 729 1434 gloriae
752 1349 939 1417 mactandos.
983 1354 1069 1415 Inter
1089 1377 1167 1438 quae
1191 1379 1272 1420 unus

227 1462 387 1539 hostium,
424 1439 552 1522 Latinae
583 1459 706 1540 linguae
738 1460 859 1534 sciens,
894 1451 962 1520 a'cto
982 1460 1021 1520 ad
1044 1461 1160 1524 vallum
1181 1485 1272 1548 equo,
1288 1487 1321 1526 ιο

175 1585 177 1590 ’
228 1591 303 1632 voce
323 1581 432 1652 magna
453 1569 595 1648 coniuges
615 1577 644 1627 et
665 1589 756 1651 agros
778 1578 809 1630 et
830 1569 972 1651 stipendii
992 1572 1022 1629 in
1053 1570 1138 1652 dies,
1175 1572 1272 1634 donee

228 1679 418 1757 bellaretur,
446 1679 598 1740 sestertios
621 1689 784 1757 centenos,
814 1679 838 1739 si
860 1679 928 1761 quis
948 1678 1179 1761 transfugisset,
1212 1683 1274 1742 Ar·

228 1789 325 1877 minii¹
337 1790 461 1850 nomine
481 1788 652 1870 pollicetur.
698 1787 836 1848 Incendit
857 1809 892 1850 ea
911 1787 1094 1850 contumelia
1112 1787 1271 1872 legionum

230 1897 298 1963 iras.
340 1898 468 1959 Veniret
489 1897 569 1969 dies,
596 1896 725 1956 daretur
754 1916 879 1978 pugnn3
911 1906 1107 1978 sumpturum
1137 1894 1264 1955 militem

230 2011 456 2067 Germanorum
477 2026 583 2086 agros,
606 2013 782 2064 tracturum
804 2005 969 2085 coniugem
1001 2006 1141 2086 accipere
1162 2001 1320 2081 omen,15

230 2127 260 2176 et
280 2113 473 2174 matrimonia
496 2136 534 2187 ao¹
553 2112 695 2195 pecunias
707 2113 839 2174 hostium
855 2113 987 2194 praedae
1004 2113 1164 2178 destinare.
1193 2113 1273 2172 Ter·

228 2225 271 2284 tia
293 2222 387 2284 ferme
408 2223 508 2304 vigilia
530 2220 709 2286 assultatum
729 2223 920 2302 estlcastris,
956 2222 1021 2282 sine
1042 2222 1184 2283 coniectu
1205 2219 1270 2294 teli,

229 2323 394 2414 postquam
414 2329 539 2392 crebras
557 2352 614 2413 pro
633 2331 827 2395 munimentis
848 2311 991 2394 cohortes
1013 2342 1042 2393 et
1058 2329 1141 2391 nihil
1167 2329 1274 2390 remis-

167 2461 176 2504 ·,
230 2457 298 2498 sum
312 2458 441 2506 sensere.
483 2439 545 2499 Nox
569 2439 674 2500 eadem
698 2440 809 2502 laetam
832 2441 1014 2502 Germanico
1035 2441 1168 2523 quietem
1187 2435 1329 2520 tulit314

231 2529 368 2624 viditque
387 2566 420 2616 se
443 2555 623 2626 operatum,
648 2558 677 2606 et
697 2545 845 2628 sanguine
867 2568 955 2608 sacro
979 2547 1115 2628 respersa
1133 2559 1272 2630 praeter·
1285 2577 1324 2620 20

233 2660 286 2730 ta,
306 2646 514 2734 pulchriorem
538 2652 630 2714 aliam
652 2655 791 2714 manibus
820 2653 908 2714 aviae
929 2655 1082 2737 Augustae
1112 2658 1274 2738 accepisse.

233 2763 352 2825 Auctus
373 2763 493 2842 omine,
529 2760 740 2824 addicentibus
770 2750 945 2845 auspiciis,¹
964 2771 1055 2824 vocat
1085 2765 1275 2844 concionem,

233 2882 264 2934 ct
284 2879 362 2956 quae
382 2866 687 2963 sapientiapraevisa
708 2878 838 2951 aptaque
858 2870 1030 2930 imminenti
1050 2889 1190 2956 pugnae,
1214 2869 1275 2931 dis-

235 2979 317 3042 serit.
358 2976 425 3038 Non
448 2997 569 3058 campos
593 2975 684 3036 modo
706 2975 796 3036 militi
818 2975 957 3038 Romano
976 2974 1017 3035 ad
1039 2975 1192 3058 praelium
1216 2979 1275 3039 ho-

236 3107 308 3165 nos,
333 3083 414 3163 sed,
447 3083 471 3144 si
497 3085 575 3146 ratio
604 3081 694 3161 assit,
728 3080 819 3145 silvas
844 3091 874 3144 et
894 3081 1003 3144 saltus:
1036 3103 1094 3144 nec
1116 3082 1196 3145 enim
1219 3085 1273 3143 im·
1285 3091 1324 3158 25
1349 3159 1351 3164 Ι

323 3307 349 3362 8.
369 3303 490 3379 perfidos
510 3317 538 3360 et
564 3319 691 3376 ruptores
712 3305 790 3376 pacis
818 3301 952 3355 Cherusci
986 3303 1184 3372 appellantur,
1210 3307 1276 3376 quia

140 3469 146 3482 Ι
207 3440 213 3448 ·
235 3402 301 3456 Vari
318 3402 439 3472 legiones
457 3401 573 3471 pertidia
592 3399 720 3470 deceptas
737 3406 816 3469 rupta
838 3415 905 3468 pace
922 3397 1133 3450 trucidaverant.

304 3515 345 3552 ao.
362 3500 440 3552 sacri
460 3501 582 3554 rester'sa
592 3500 637 3552 M:
655 3514 736 3552 sacro
747 3513 873 3568 respersa
884 3493 1041 3548 Beroaldus.
1060 3524 1096 3535 -
1115 3493 1170 3564 Qui
1180 3476 1288 3553 teucro¹

234 3594 334 3647 codicia
350 3595 510 3665 scripturam
527 3595 604 3657 sacri
620 3592 740 3642 animum
760 3589 885 3657 inducit,
913 3605 1023 3642 snorum
1042 3605 1091 3659 pro
1116 3589 1207 3644 liostia
1228 3608 1275 3644 ac·

233 3691 318 3763 cipiet
335 3707 446 3742 necesse
470 3697 519 3742 est.
547 3689 601 3740 Sed
623 3705 654 3740 ea
673 3685 794 3738 nominis
811 3686 976 3754 significatio
996 3703 1052 3737 non
1071 3685 1277 3742 inveniturnisi
1359 3675 1363 3682 ¹

234 3788 264 3839 in
281 3785 399 3840 formula
419 3787 617 3838 intersectum
635 3798 784 3850 saxumque
807 3794 866 3844 sto,
887 3795 958 3851 quae
983 3781 1083 3849 legitur
1102 3781 1175 3852 apud
1194 3784 1275 3835 Pluus
1331 3829 1333 3834 .

235 3888 293 3933 tum
320 3879 512 3949 Captivislll,
536 3879 565 3945 4,
584 3881 627 3946 84.
664 3877 763 3929 casina
789 3877 825 3939 V,
850 3878 881 3948 4,
906 3896 946 3947 7.;
971 3879 1077 3948 alioqui
1097 3895 1148 3929 uec
1165 3895 1278 3934 sacrum

170 3959 172 3962 Ι
234 3983 325 4047 neque
344 3977 509 4027 Graecorum
530 3971 610 4046 ἱερόν
629 3989 743 4028 numero
760 3956 891 4044 singuliri
908 3965 1026 4028 hostiam
1048 3973 1191 4044 significat.
