2836 4726
184 323 242 388 292
608 273 821 370 aauamuat

39 496 63 560 (ἃ
83 495 363 566 Cis->accusatoris
385 495 506 566 laceret,
534 492 595 574 ipse
616 489 654 552 ad
668 487 837 550 occasiones
855 486 997 553 intentus,
1023 473 1110 560 louge
1133 473 1214 557 apud
1293 514 1295 518 ·

183 607 299 680 Ostiam
318 601 456 662 Caesaris
478 620 578 673 mora,
600 597 675 656 duas
695 595 825 676 pellices,
845 609 973 674 quarum
996 590 1019 646 is
1032 586 1213 666 corporibus

179 715 304 772 maxime
327 713 505 784 insueverat,
528 705 686 786 largitione
709 719 743 762 ac
765 701 928 782 promissis,
951 709 980 761 et
996 717 1097 764 ‚uxore
1118 700 1212 760 deiec-

175 833 206 880 ta
226 820 295 900 plus
315 818 467 898 potentiae
484 812 664 874 ostentando
675 845 690 892 ,·
713 810 842 902 perpulit
877 806 1062 870 delationem
1094 811 1209 870 subire.

174 927 251 988 Exin
273 903 434 1009 Calpurnia
456 925 498 1000 (id
518 921 621 1006 pellici
643 924 791 1000 nornen),
821 919 873 978 uhi
905 919 1010 978 datum
1034 913 1266 992 secretum,3()

175 1037 310 1098 Caesaris
333 1035 460 1118 genibus
488 1031 648 1116 provoluta
681 1031 817 1110 nupsisse
839 1027 1029 1088 Messalinam
1049 1025 1122 1082 Silio
1158 1045 1208 1084 ex-

174 1140 295 1204 clamat.
317 1141 413 1204 Simul
438 1141 648 1222 Cleopatram,
672 1157 750 1220 quae
773 1139 851 1198 idem
873 1139 1035 1218 opperiens
1057 1133 1205 1202 adstabat,

173 1272 211 1312 an
232 1253 420 1332 comperisset
439 1249 619 1330 interrogat,
637 1260 728 1329 atque
746 1247 795 1308 illa
817 1245 969 1306 adnuente
988 1246 1063 1302 cieri
1085 1240 1206 1302 Narcis-

172 1379 238 1420 sum
255 1339 397 1440 postulat.
442 1360 470 1420 ls
490 1363 608 1420 veniam
640 1360 671 1418 in
702 1358 898 1440 praeteritum
917 1365 1041 1436 petens,
1074 1350 1207 1432 quodsi

171 1469 369 1546 clavennae,
390 1469 434 1530 cis
454 1467 590 1530 Plautios
612 1467 882 1540 dissimulavisset‚
905 1485 961 1525 nec
984 1483 1066 1522 nurrc
1088 1459 1206 1522 adulte·
1233 1467 1268 1506 ¹⁰

168 1577 215 1636 ria
235 1577 424 1638 obiecturum
445 1575 497 1651 ait,
518 1596 556 1636 ne
579 1574 705 1636 domum
729 1576 851 1642 servitia
872 1584 902 1633 et
922 1584 1041 1633 ceteros
1066 1569 1207 1630 fortunae

169 1693 289 1762 paratus
305 1691 487 1766 reposceret.
529 1681 700 1744 Fruar-etur
722 1682 814 1740 immo
836 1683 893 1757 iis,
916 1692 946 1741 et
967 1679 1108 1743 redderet
1129 1699 1206 1740 uxo.

169 1806 234 1846 rem
257 1797 469 1870 rumperetque
490 1786 608 1848 tabulas
629 1784 788 1866 nuptiales.
833 1785 907 1857 „An
937 1783 1114 1864 discidium’f
1154 1785 1205 1846 in-

170 1895 236 1977 quit
265 1903 378 1973 „tuum
399 1896 505 1954 nosti?
544 1915 615 1954 nam
637 1896 865 1954 matrimonium
887 1890 951 1952 Silii
976 1893 1053 1954 vidit
1075 1890 1206 1975 populus

169 2009 201 2072 et
228 2009 349 2062 senatus
369 2011 399 2060 et
418 2000 522 2073 miles;
538 2022 573 2062 ae
598 2003 631 2060 ni
653 2021 782 2081 propere
804 2001 884 2080 agis,
906 2009 990 2064 tenet
1011 2000 1121 2062 urbem
1142 2021 1203 2062 ma·
1229 2005 1267 2064 15

168 2105 276 2172 ritus.'’
316 2107 396 2168 Tum
426 2105 614 2190 potissimum
635 2125 787 2188 quemque
811 2109 977 2173 amicorum
1003 2119 1115 2186 vocat;
1141 2100 1257 2190 pri-31

169 2233 312 2296 mumque
332 2213 375 2273 rei
396 2213 609 2272 frumentariae
629 2212 819 2292 praesectum
832 2212 1036 2292 Turranium,
1060 2223 1128 2293 post
1143 2213 1206 2274 Lu·

167 2325 245 2384 sium
262 2323 370 2382 Getam
406 2319 605 2401 praetorianis
637 2319 811 2398 impositum
844 2329 1071 2400 percunctatur.
1126 2322 1203 2399 Quis

168 2428 353 2502 fatentibus,
376 2429 514 2488 certatim
534 2425 626 2491 ceteri
647 2427 931 2510 circumstrepunt,
953 2431 1011 2491 iret
1033 2430 1063 2488 in
1086 2437 1205 2506 castra,

128 2527 136 2533 ’
168 2537 303 2595 firmaret
323 2535 488 2616 praetorias
510 2533 666 2610 cohortes,
690 2535 845 2594 securitati
859 2545 1031 2618 antequam
1053 2537 1202 2599 vindictae
1225 2558 1266 2598 ao

169 2641 346 2703 consuleret.
387 2640 465 2704 Satis
486 2649 604 2702 constat
625 2661 660 2700 eo
690 2662 800 2722 pavore
821 2641 951 2703 offusum
983 2642 1144 2704 Claudium
1170 2656 1205 2714 ut

169 2749 332 2810 identidem
355 2752 574 2832 interrogaret,
597 2771 636 2810 au
658 2751 722 2830 ipse
742 2750 859 2830 imperii
889 2761 1016 2830 potens,
1049 2773 1089 2811 an
1111 2751 1201 2814 Silius

169 2860 306 2938 privatus
325 2869 408 2920 esset.
451 2857 493 2918 At
508 2855 668 2918 Messalina
689 2876 749 2916 non
774 2855 848 2918 alias
867 2855 994 2918 solutior
1013 2855 1097 2934 luxu,
1121 2858 1202 2920 adul·

169 2974 201 3022 to
223 2973 369 3024 autumno
384 2961 577 3024 simulacrum
597 2961 766 3024 vindemiae
786 2983 843 3044 per
865 2962 991 3024 domum
1019 2963 1201 3048 celebrabat.

170 3071 283 3152 Urgeri
305 3070 410 3151 prela,
432 3066 525 3130 fluere
549 3067 652 3148 lacus;
675 3080 705 3130 et
733 3067 864 3136 feminae
888 3069 1019 3151 pellibus
1046 3075 1198 3134 accinctae
1220 3076 1264 3135 ss

172 3215 427 3230 m

263 3312 290 3366 t,
295 3292 476 3348 'accusatores
494 3296 543 3347 Ma,
564 3294 635 3346 idem
655 3293 679 3362 q.
697 3294 824 3364 perculit.

242 3407 280 3442 so.
302 3390 341 3442 cis
360 3389 465 3442 verticis
481 3390 589 3456 plautio
614 3389 669 3452 M¹3
698 3388 852 3440 emendavit
877 3392 899 3444 1.
927 3389 971 3443 rr.
990 3388 1152 3440 Gronovius.
1167 3415 1196 3428 -

170 3481 311 3554 Sententia
332 3489 386 3530 est:
411 3481 485 3550 quod
506 3484 534 3531 in
555 3480 716 3532 Messalinae
734 3481 864 3548 gratiam,
883 3479 948 3532 dum
966 3495 1021 3540 non
1039 3481 1110 3534 ultra
1128 3459 1214 3533 tem

170 3576 223 3625 tios
242 3581 269 3624 et
292 3574 410 3624 Plautios
430 3589 569 3640 progressa
588 3569 638 3634 sit,
658 3575 791 3626 tacuisset.
829 3574 911 3642 Quod
930 3576 1070 3644 nequitur,
1088 3595 1136 3630 na·
1155 3593 1199 3628 rc·

166 3679 291 3738 posceret
307 3683 369 3718 rere
389 3667 542 3718 Waltherua
563 3685 610 3735 pro
629 3666 893 3738 nedum-reposceret
910 3671 1024 3739 accepts.
1121 3699 1124 3707 ·

195 3809 200 3817 ,
242 3777 281 3817 aa.
300 3757 345 3831 iis]
366 3759 408 3811 lu's
424 3761 475 3817 Mu.
495 3761 559 3810 Mox
582 3761 618 3812 16.
640 3777 770 3830 quemque
791 3777 841 3810 orn.
860 3763 911 3814 Μι

242 3852 563 3924 normannicarum
588 3853 685 3924 quibus
699 3855 872 3926 sarientibus
905 3859 1022 3914 certium
1046 3859 1094 3912 M1.
1124 3856 1199 3908 idem
1322 3888 1326 3894 ·
1409 3831 1410 3901 l

168 3960 196 4012 p.
214 3946 275 4015 ²93,
295 3961 317 4014 7.
337 3947 414 4000 laesa
432 3961 480 4016 pro
499 3945 586 4016 lapsa.
1408 3937 1409 3964 ³
