2900 4706
481 293 559 354 ura.
584 291 653 354 xv,
695 292 781 372 aaa,
804 290 937 358 ata—51.
1153 244 1237 356 tta*

199 473 325 536 mollitia
352 457 483 553 corporis
510 470 628 532 infamis
653 480 683 530 et
715 475 737 526 a*
758 466 876 532 Nerone
906 466 1055 550 probroso
1086 465 1361 545 minianenses.)

143 577 370 656 50diffarnatos
402 577 599 644 contumelias
619 577 726 640 vultum
757 576 835 638 ibas
893 576 976 658 Ergo
1004 575 1077 637 dum
1107 571 1219 634 scelera

197 689 365 770 principis,
388 698 417 748 et
453 674 549 748 linem
574 685 675 747 adesse
703 683 849 764 irnperio,
888 681 1139 764 deligendumque
1167 681 1220 764 qui

197 797 278 858 fassis
298 795 389 878 rebus
412 803 621 866 succurreret,
641 791 722 876 iuter
743 797 849 850 aeaut
871 789 950 852 inter
967 791 1075 851 amicos
1097 789 1219 862 iaciunt,

160 893 402 981 5adgregavenc
424 900 560 962 Tullium
581 901 795 973 Senecionem,
825 895 1003 956 Cervarium
1032 895 1220 973 Proculum,

198 1009 370 1070 Vulcatium
420 1009 601 1083 Araricum,
654 1006 762 1068 lulium
806 1005 1014 1086 Tagariatana,
1051 1003 1221 1066 Munatium

196 1122 344 1191 Gratum,
375 1117 540 1178 Antonium
570 1114 725 1191 Natalem,
760 1114 908 1174 Marcium
936 1110 1081 1189 Festum,
1109 1111 1222 1192 equites

197 1225 370 1296 Romanosp
405 1243 440 1280 ex
469 1223 577 1303 quibus
608 1223 755 1297 Senecio,
790 1221 986 1302 epraecipua
1018 1219 1221 1280 familiaritate

198 1329 344 1399 Neronis,
367 1329 495 1407 speciem
514 1327 663 1390 amicitiae
693 1330 867 1388 etiamtum
899 1331 1030 1387 retinens
1057 1348 1093 1388 eo
1125 1327 1221 1408 pluri·
1296 1355 1299 1374 ι

145 1444 180 1486 1⁰
198 1435 253 1497 hus
276 1435 411 1515 periculis
432 1433 674 1496 conflictabatur.
718 1433 828 1496 Natalis
845 1435 993 1514 particeps
1012 1432 1050 1494 ad
1069 1455 1159 1496 omne
1174 1455 1222 1495 se-

197 1555 314 1602 cretum
335 1540 441 1602 Pisoni
458 1551 534 1620 erat.
578 1539 691 1604 Ceteris
712 1561 782 1622 spes
806 1559 840 1602 ex
862 1525 948 1600 novis
977 1538 1069 1600 rebus
1098 1541 1222 1620 peteba-

165 1679 167 1686 v
196 1657 260 1715 tur.
302 1647 442 1716 Adscitae
466 1657 637 1730 suntsuper
654 1647 797 1714 Subrium
821 1659 849 1708 ct
870 1626 1064 1730 Sulpicium,
1092 1646 1130 1732 de
1153 1650 1221 1728 qui·

160 1754 255 1830 ¹,bus
288 1753 410 1830 rettuli,
444 1755 590 1816 militares
618 1775 743 1832 manns,
768 1757 881 1816 Gavius
900 1755 1040 1816 Silvanus
1057 1763 1088 1814 et
1108 1755 1222 1816 Statius
1306 1774 1311 1782 “
1380 1751 1384 1760 ’

201 1857 358 1924 Proximus
382 1863 501 1924 tribuni
523 1861 691 1925 cohortium
711 1845 949 1942 praetorianum,
972 1862 1120 1922 Maximus
1133 1863 1223 1923 Scau·¹

144 1957 179 2020 15
201 1987 252 2026 rus
270 1977 299 2026 et
312 1967 447 2030 Venetus
467 1966 580 2036 Paulus
610 1966 808 2032 centuriones.
860 1966 918 2026 Sed
943 1985 1092 2028 summum
1125 1966 1224 2028 robur

91 2053 94 2057 ¹
197 2076 229 2134 in
250 2074 348 2134 Fenio
381 2075 468 2134 nuto.
485 2073 636 2156 praefecto
671 2073 850 2150 videbatur,
877 2095 966 2156 quern
993 2076 1054 2134 vita
1083 2075 1223 2154 famaque

198 2179 351 2240 laudatum
370 2202 425 2262 per
445 2181 600 2266 saevitiam
622 2181 895 2263 impudicitiamque.
915 2180 1081 2266 Tigellinus
1100 2181 1131 2242 in
1156 2173 1221 2240 ani·
1256 2255 1259 2270 ι
1330 2206 1333 2212 ·

197 2306 247 2346 mo
265 2286 409 2368 principis
430 2287 579 2362 anteibat,
603 2269 806 2370 fatigabatque
825 2289 1083 2350 criminationibus
1103 2309 1138 2350 ac
1158 2309 1222 2364 sae·

198 2414 236 2474 pe
256 2393 286 2452 io
307 2405 419 2462 metum
444 2395 608 2462 adduxerat
631 2395 716 2476 quasi
732 2395 900 2457 adulterum
919 2395 1101 2478 Agrippinae
1119 2407 1154 2458 'et
1168 2396 1221 2458 de·

141 2517 180 2560 ao
200 2500 308 2562 siderio
323 2503 386 2562 eius
408 2501 514 2564 ultioni
536 2505 698 2564 intentum·
722 2506 817 2584 lgitur
838 2504 1065 2584 ubicooiuratis
1086 2508 1221 2585 praefec-

197 2619 261 2668 tum
284 2611 407 2690 'quoque
430 2612 572 2690 praetorii
604 2614 636 2672 in
659 2621 760 2692 partes
787 2611 973 2674 descendisse
1003 2614 1111 2674 crebro
1130 2613 1238 2695 ipsius¹

197 2735 334 2776 sermone
353 2716 430 2776 facta
454 2715 545 2792 fides,
573 2717 745 2798 promptius
772 2718 831 2778 iam
865 2718 903 2780 de
927 2728 1062 2800 ternpore
1092 2741 1128 2780 ac
1155 2721 1221 2782 loco

199 2823 297 2892 caedis
317 2825 479 2905 agitabant.
521 2825 561 2886 Et
581 2827 693 2906 cepisse
712 2825 858 2908 impetum
873 2827 1000 2890 Subrius
1015 2829 1128 2890 Flavus
1145 2831 1221 2890 fere·

201 2929 292 2991 batur
311 2933 341 2992 in
357 2955 445 2994 scena
463 2942 619 2997 canentem
646 2933 798 2994 Neronem
828 2934 1041 3016 adgrediendi,
1076 2949 1127 2998 aut
1151 2959 1221 3000 cum
1253 2965 1256 2975 ¹
1292 2981 1296 2986 -

143 3035 183 3098 25
200 3038 324 3100 ardente
344 3039 434 3102 domo
454 3063 506 3123 per
528 3053 646 3104 noctem
666 3042 818 3122 huc-illuc
846 3057 980 3133 cursaret
1010 3047 1219 3109 incustoditus.

168 3193 172 3198 -
203 3147 261 3208 Hic
280 3150 394 3210 occasio
415 3151 607 3229 solitudinis,
636 3151 677 3212 ibi
707 3152 770 3233 ipsa
798 3155 964 3236 frequentia
999 3158 1075 3216 tanti
1104 3156 1221 3222 decoris

200 3254 280 3342 testis
300 3255 534 3334 pulcherrimum
551 3259 685 3318 animum
703 3261 972 3338 exstimulaverant‚
993 3261 1048 3322 nisi
1060 3264 1222 3342 impunita-

201 3361 238 3420 tis
255 3362 367 3442 cupido
385 3365 589 3442 retinuisset,
610 3368 725 3448 magnis
752 3365 870 3450 semper
896 3369 1051 3429 conatibus
1084 3369 1221 3430 adversa.

148 3465 326 3544 5ilntcrirn
361 3470 574 3530 cunctantibus
604 3471 887 3556 prolatantibusque-
907 3495 987 3556 spem
1013 3497 1048 3535 ac
1083 3488 1219 3552 metum,
1284 3511 1288 3518 ¹

204 3633 460 3653 *m*

289 3749 312 3782 a.
332 3736 459 3798 multum,
479 3744 505 3787 et
524 3739 548 3794 3.
568 3739 682 3806 imperia
699 3737 869 3808 deligendum
887 3759 992 3813 quoque
1006 3743 1086 3809 fessis
1103 3743 1152 3792 Mn.

275 3828 314 3882 ’6.
333 3833 506 3896 angariarum,
526 3839 553 3884 et
571 3835 650 3900 paulo
672 3843 735 3884 aute
752 3835 918 3904 salgamum,
937 3843 965 3890 nt
979 3842 1015 3891 rt.
1026 3840 1136 3893 Silanus
1153 3841 1202 3904 Μ..

190 3937 191 3941 ’
277 3923 316 3980 ιθ.
336 3923 789 3997 Faeniowhi'cetiufraidt.i1lem
808 3943 848 3982 aa.
869 3932 1008 3989 sermonis.
