2900 4706
279 226 340 292 ns
444 223 655 288 nunnuun
674 224 747 292 un.
767 223 848 286 xvi.
893 225 976 284 cnr.
999 181 1130 292 srss-s's.

129 403 406 492 (sc,6e)maximc
428 405 563 466 intentus
584 405 738 464 Demetrio
771 404 904 485 Cynicae
932 406 1127 465 institutionis
1162 405 1297 476 doctori;
1375 409 1376 442 ἓ

210 514 213 522 ’
277 532 348 574 cnm
363 529 449 595 quo,
469 522 505 574 ut
521 513 686 577 coniectare
707 523 772 572 erat
788 514 954 575 intentione
977 512 1076 575 voltus
1108 525 1139 573 et
1168 513 1297 588 auditis,

165 619 169 628 '
276 619 302 680 si
321 641 382 701 qua
403 618 512 682 clarius
531 619 810 702 proloquebantur,
829 620 868 680 do
888 630 994 683 natura
1014 621 1129 682 animae
1150 629 1181 682 et
1202 620 1296 680 disso-

276 727 404 788 ciatione
436 726 559 808 spiritus
594 729 788 809 corporisque
824 727 1013 810 inquirebat,
1041 727 1156 791 donec,
1175 726 1295 791 advenit

273 833 423 894 Domitius
444 832 630 896 Caecilianus
649 855 684 894 ex
706 835 818 894 intimis
836 835 957 916 enticis,
978 843 1010 894 et
1036 837 1063 893 ci
1083 833 1160 914 quid
1181 835 1330 896 senatori

273 941 439 1018 censuisset
459 943 604 1022 exposuit.
646 941 742 1023 Igitur
761 939 867 1003 tientes
887 941 1130 1024 queritantesque
1151 932 1203 1025 qui
1224 943 1309 1007 ader
1379 923 1380 936 i

272 1058 365 1125 rant,
386 1048 530 1112 facessere
550 1069 678 1130 propere
699 1045 853 1123 Thrasea,
877 1069 938 1108 neu
959 1048 1094 1129 pericula
1117 1071 1170 1110 sua
1191 1052 1296 1113 misce·

272 1174 305 1217 re
326 1175 395 1214 cum
419 1165 502 1214 sorte
528 1154 663 1217 damnati
689 1154 854 1230 bortatur,
881 1154 1084 1236 Arriamque,
1132 1165 1297 1218 tentantem

270 1263 372 1324 mariti
394 1283 532 1344 suprema
551 1273 581 1324 et
600 1261 770 1344 exemplum
790 1263 895 1324 Arriae
917 1263 1024 1326 matris
1056 1265 1165 1344 sequi,
1196 1277 1298 1324 monet

265 1370 396 1430 retinere
417 1371 511 1432 vitam
526 1367 664 1453 filiaeque
691 1370 843 1431 communi
876 1369 1043 1431 subsidium
1077 1369 1210 1454 unicum¹
1236 1394 1295 1432 non
1321 1401 1351 1438 ιο

229 1470 232 1483 ”
260 1477 413 1550 ,adimere
452 1479 534 1542 Tum
562 1499 736 1562 progressus
765 1480 796 1538 in
815 1473 983 1560 porticum,
1015 1477 1075 1541 iilic
1094 1502 1114 1539 a
1143 1475 1351 1559 quaestore85

267 1589 435 1668 reperitur,
456 1587 586 1650 laetitiae
606 1586 753 1670 propior,
774 1586 846 1668 qnia
867 1586 1044 1651 Helvidium
1074 1607 1225 1672 generum
1245 1608 1297 1654 ¹sn·

269 1713 322 1754 um
343 1689 430 1754 ltalia
451 1703 569 1757 tanturn
589 1695 686 1756 arceri
710 1705 904 1776 cognoverat.
945 1693 1080 1776 Accepto
1122 1691 1232 1758 dehinc
1246 1715 1299 1776 ,se-
1328 1695 1331 1700 ’

270 1808 360 1860 natus
383 1799 521 1860 consulto
541 1797 716 1860 Helvidium
738 1809 768 1860 et
792 1799 978 1860 Demetrium
999 1801 1030 1860 in
1051 1799 1227 1870 cubiculum
1253 1805 1299 1860 in·

270 1907 367 1982 ducit3
389 1909 594 1988 porrectisque
615 1909 770 1988 utriusque
791 1905 907 1968 brachii
927 1908 1032 1984 venis,
1055 1922 1215 1991 postquam
1237 1931 1298 1972 cru·
1320 1907 1351 1965 15

268 2034 353 2076 orem
372 2012 497 2091 effodit,
520 2014 649 2076 humum
667 2035 757 2097 super
772 2035 926 2098 spargens,
949 2015 1073 2096 propius
1091 2029 1202 2078 vocato
1216 2039 1299 2100 quae·

271 2117 352 2190 storo
375 2118 543 2200 „libemus”
567 2121 666 2203 inquit
688 2119 779 2202 „lovi
799 2118 969 2181 liberatori.
1010 2119 1144 2206 Specta,
1166 2121 1298 2196 iuvenis3

270 2243 301 2296 et
332 2251 422 2294 omen
451 2201 574 2308 quidem
602 2226 634 2286 di
654 2226 853 2308 prohibeant:
885 2237 1018 2292 ceterum
1049 2228 1081 2285 in
1101 2247 1140 2286 ea
1165 2206 1295 2306 tempora

271 2349 358 2403 natus
383 2359 432 2416 es,
465 2335 576 2417 quibus
603 2333 724 2393 firmare
754 2335 889 2394 animum
911 2333 1061 2412 'expediat
1088 2331 1293 2393 constantibus

270 2445 424 2528 exemplis.
465 2443 538 2506 Post
557 2438 740 2502 lentitudine
762 2437 857 2500 exitus
878 2459 984 2522 graves
1002 2443 1159 2502 cruciatus
1178 2436 1294 2500 afferen·
1312 2461 1347 2499 20

162 2579 164 2584 ·
268 2564 322 2627 te,
345 2550 479 2621 obversis
498 2549 530 2612 in
546 2545 734 2610 Demetrium
1211 2533 1212 2538 ¹

161 2725 162 2729 Ἰ
273 2695 565 2721 Μ

342 2813 381 2866 ¹7·
399 2795 516 2870 libemus
531 2793 582 2854 tt..
1230 2847 1233 2856 ,

336 2907 377 2946 ss.
397 2890 506 2953 „Multa
524 2895 553 2942 ot
571 2887 643 2940 libro
661 2889 726 2942 huic
746 2897 774 2942 et
788 2888 960 2944 Neronianae
980 2889 1111 2954 historiae
1128 2889 1221 2944 deesse
1240 2887 1290 2937 cis·

270 2999 336 3039 snm.
373 2984 434 3036 Duo
452 2985 517 3038 nuni
533 2982 647 3064 dicendi
663 2990 823 3050 supersunt,
843 2985 873 3036 iu
896 2984 996 3056 quibus
1035 2983 1071 3038 de
1101 2983 1219 3040 adventu
1244 2981 1292 3028 'l'i-

187 3107 190 3116 ι
270 3080 387 3142 ridetis,
406 3079 440 3131 de
458 3079 647 3132 contemtlone
666 3077 832 3141 Viniciana,
862 3080 896 3132 de
922 3085 995 3131 m‘otn
1014 3075 1160 3138 Vindicis,
1189 3075 1290 3143 aliaque

271 3177 350 3246 digna
369 3191 438 3245 quac
456 3192 472 3226 a
489 3191 586 3244 magno
611 3179 719 3227 auctore
745 3173 844 3228 tradita
865 3175 1034 3242 legeremus,
1052 3173 1074 3225 si
1104 3173 1168 3264 fatis
1200 3172 1236 3265 ita
1254 3169 1289 3222 ri-

272 3290 329 3326 sum
350 3273 473 3326 fuissene*
506 3271 621 3341 Lipsius.

545 3500 1015 3544 W

383 3849 387 3862 '
469 3873 620 3928 nonnas,
665 3871 771 3917 ruris·
796 3875 914 3917 cnnons
954 3875 1096 3915 cnoncn.
1137 3909 1138 3914 ,
