2900 4724
373 407 374 414 .
478 323 643 416 marm
667 323 902 394 cereres.
1150 321 1219 389 ert

182 521 241 582 que
263 499 362 560 minus
383 501 415 562 id
436 501 572 575 olorum,
596 525 687 586 quam
707 456 790 586 qrrdd
808 500 977 586 Syphacem
999 501 1126 566 Publius
1146 501 1247 583 ὅς’-(ι
1265 503 1359 581 Cho.)

183 598 258 686 pio,
279 605 390 668 Persen
410 610 520 670 Lucius
540 609 673 686 Paulus,
696 619 726 668 et
740 612 763 670 si
778 610 829 692 qui
846 608 897 669 elii
919 609 1035 710 vinctos
1055 630 1138 692 reges
1155 629 1213 692 po·

183 709 257 793 pulo
278 712 416 774 Romano
437 714 604 776 ostendere.
649 716 818 778 Censeotur
844 717 967 803 Ostorio
996 715 1143 798 triumphi
1163 719 1212 777 in·

167 819 299 912 signia,
317 821 464 902 prosperis
485 821 523 882 ed
551 821 582 881 id
617 822 710 884 rebus
738 825 819 900 eius,
844 844 912 883 mox
938 823 1107 904 ambiguis,
1133 825 1211 902 sive,

148 925 284 988 (remoto
315 913 485 990 Cereeteco·
517 933 600 1011 quasi
630 925 817 994 debellatum
849 929 945 1007 foret,
971 919 1071 991 minus
1096 931 1212 992 intente
1267 997 1275 1016 ἱ
1336 979 1345 989 .

182 1033 263 1115 apud
280 1055 333 1096 nos
351 1035 457 1098 militie
480 1037 550 1116 luit,
579 1038 658 1101 sive·
676 1039 776 1102 hostes
805 1038 1000 1100 miseratione
1026 1041 1103 1100 tenti
1132 1036 1212 1120 regis
1285 1030 1287 1038 '

182 1143 280 1202 acrius
304 1143 344 1203 ad
361 1143 509 1206 altionem
531 1165 677 1212 exarsere.
720 1147 915 1208 Praefectum
930 1155 1100 1208 castrorum
1126 1156 1156 1206 et
1172 1143 1211 1207 le·

181 1251 332 1330 giouerias
365 1252 509 1314 cobortes
540 1253 723 1314 exstruendis
754 1254 835 1337 apud
850 1255 966 1318 Siluras
986 1254 1141 1337 praesidiis
1163 1275 1213 1314 re·

180 1355 265 1418 lictae
281 1357 538 1418 circumfundunt.
580 1363 627 1421 Ac
652 1361 684 1418 ni
709 1363 771 1418 cito
793 1379 810 1418 e
834 1361 907 1419 vicis
930 1371 960 1420 et
982 1359 1112 1420 castellis
1140 1380 1212 1442 pro·
1298 1371 1302 1378 '

124 1481 161 1522 ιο
180 1465 266 1524 xlmis
285 1465 469 1526 subventum
490 1465 585 1543 foret,
607 1466 711 1546 copiae
731 1475 796 1523 tum
817 1464 976 1524 occidione
990 1466 1212 1529 occubuissent.

179 1569 356 1632 Praefectus
384 1583 485 1631 temen
522 1581 552 1630 ct
582 1579 651 1630 octo
682 1567 872 1628 centuriones
899 1549 934 1630 ac
972 1571 1212 1649 promptissimus

179 1662 305 1760 quisque
330 1673 530 1757 emanipulis
551 1675 698 1738 cecidere.
747 1673 809 1734 Neo
830 1673 925 1736 multo
953 1687 1020 1756 post
1039 1672 1233 1756 pabulantis¹

121 1781 302 1861 39nostros
324 1787 489 1866 missosque
504 1783 543 1844 ad
571 1782 739 1846 subsidium
768 1794 885 1842 turmas
913 1781 1086 1864 profligant.
1130 1784 1212 1846 Turn

179 1895 323 1956 Ostorius
343 1894 480 1954 cohortes
500 1891 652 1975 expedites
672 1879 817 1974 exposuit3
841 1913 896 1954 nec
923 1891 992 1952 ideo
1006 1889 1107 1972 sugam
1126 1894 1215 1956 siste·

123 2002 160 2065 15
178 2001 252 2078 bat,
274 2001 305 2060 ni
327 2000 458 2082 legiones
485 1999 633 2081 praelium
657 2001 851 2080 excepissent.
893 1995 1009 2059 Earum
1031 1996 1143 2062 robore
1163 2021 1212 2064 ae·

179 2116 272 2188 quate
291 2127 415 2189 pugna,
438 2105 509 2165 dein
533 2103 623 2181 ¹nobis
644 2125 701 2184 pro
726 2102 943 2164 meliorescit.
979 2105 1123 2189 Effugere
1151 2106 1211 2169 bo·

176 2209 236 2276 stes
258 2216 341 2273 tenui
365 2212 498 2291 damno,
523 2213 593 2294 quia
618 2212 785 2274 inclinabat
805 2211 880 2276 dies.
900 2211 1014 2272 Crebra
1032 2210 1105 2273 hinc
1121 2233 1211 2296 pree·

136 2376 139 2385 .
175 2319 232 2400 lie,
255 2333 284 2382 ct
301 2321 422 2402 saepius
443 2320 474 2378 in
497 2319 621 2380 modurn
651 2317 800 2404 latrocinii
819 2339 873 2400 per
902 2317 1014 2397 saltus,
1046 2340 1102 2401 per
1122 2321 1211 2403 palu·

69 2481 74 2488 .
175 2428 249 2506 des,
270 2437 305 2488 ut
320 2429 430 2510 cuique
456 2447 521 2487 sors
542 2437 594 2486 aut
614 2428 722 2504 virtus3
742 2437 870 2503 temere,
890 2425 1032 2506 proviso;
1057 2427 1097 2488 ob
1120 2431 1207 2501 iram,

119 2571 158 2611 20
176 2536 216 2598 ob
244 2533 407 2617 praedam
438 2535 543 2610 iussu,
571 2544 602 2594 et
633 2531 796 2615 aliquando
831 2532 947 2612 ignaris
974 2533 1114 2596 ducibus.
1162 2535 1209 2598 Ac

176 2645 336 2727 prescipua
351 2642 486 2704 Silurum
506 2643 688 2724 pervicacis,
712 2660 789 2722 quos
809 2639 992 2702 accendebat
1011 2639 1134 2724 vulgata
1149 2642 1208 2704 im·

162 2753 327 2834 'pomtoris
348 2752 477 2820 Romani
499 2771 579 2826 vox,
600 2759 635 2808 ut
657 2747 809 2831 quondam
840 2745 1001 2829 Sugambri
1035 2749 1126 2810 excisi
1155 2761 1209 2810 eut

170 2862 206 2921 'in
234 2857 346 2922 Gallias
363 2857 481 2920 traiecti
503 2859 623 2933 forent,
646 2859 688 2916 ita
709 2854 846 2916 Silurum
868 2875 977 2922 nomen
1007 2856 1128 2935 penitus
1157 2877 1208 2916 ex-

160 2965 397 3049 stinguendum.
467 2966 565 3046 igitur
599 2965 674 3024 dues
718 2961 877 3023 auxiliares
914 2960 1052 3022 cohortes
1082 2961 1208 3022 avaritia

103 3051 158 3165 ¹²5
176 3075 400 3169 praefectorum
430 3071 579 3130 incautius
606 3069 787 3152 populantes
816 3070 1023 3152 intercepere,
1050 3067 1207 3152 spoliaque

174 3195 203 3246 et
223 3187 357 3264 captivos
377 3179 537 3262 largiendo
557 3188 672 3240 ceteras
690 3199 810 3260 quoque
832 3179 966 3238 nationes
994 3177 1033 3240 ad
1058 3177 1207 3238 defectio·

1317 1904 1319 1912 ,
1374 1871 1393 1910 Ι

77 3367 80 3378 Ι
173 3313 241 3354 nem
264 3290 447 3364 trahebant,
470 3309 539 3350 cum
561 3287 660 3349 taedio
687 3309 827 3348 curarum
848 3287 942 3350 fessus
961 3288 1103 3348 Ostorius
1130 3305 1204 3346 con-

263 3560 284 3595 r.
301 3541 376 3616 quod
389 3542 502 3615 sifacem
523 3543 573 3596 Mt.
594 3539 666 3594 idem
686 3543 709 3594 8.
729 3542 827 3594 situlas
843 3539 994 3612 praesidiis
1012 3543 1119 3610 relicta·

258 3656 284 3706 9.
303 3637 410 3690 nwrriis
428 3637 552 3690 codices:
578 3637 683 3689 coicis
704 3637 835 3721 Muretus.
871 3637 936 3689 Mox
961 3653 1001 3694 ro.
1026 3638 1121 3709 copiae
1148 3649 1204 3691 tum

172 3728 317 3789 occidione
336 3729 493 3783 Rhenanus:
512 3729 653 3800 copiarum
670 3727 812 3784 obsidione
830 3731 873 3784 Me
891 3748 951 3784 cum
973 3731 1043 3784 eliis.

246 3843 283 3878 ra.
302 3825 482 3897 epmanipulis
504 3825 625 3894 Lipsiusr
643 3825 800 3894 manipulus
812 3825 935 3886 codices.
959 3845 962 3853 ¹

245 3923 284 3978 13.
302 3932 409 3976 nostros
427 3921 603 3974 Puteolanus:
623 3938 672 3974 nos
692 3920 764 3990 ipsos
784 3919 859 3974 osta.
