<?xml version="1.0" encoding="UTF-8"?>
<!DOCTYPE html PUBLIC "-//W3C//DTD XHTML 1.0 Transitional//EN"
    "http://www.w3.org/TR/xhtml1/DTD/xhtml1-transitional.dtd">
<html xmlns="http://www.w3.org/1999/xhtml" xml:lang="en" lang="en">
 <head>
  <title>
</title>
<meta http-equiv="Content-Type" content="text/html;charset=utf-8" />
  <meta name='ocr-system' content='tesseract 3.04.00' />
  <meta name='ocr-capabilities' content='ocr_page ocr_carea ocr_par ocr_line ocrx_word'/>
</head>
<body>
  <div class='ocr_page' id='page_1' title='image "./ccorneliitaciti00rittgoog_0267.png"; bbox 0 0 2862 4726; ppageno 0'>
   <div class='ocr_carea' id='block_1_1' title="bbox 481 301 1203 402">
    <p class='ocr_par' dir='ltr' id='par_1_1' title="bbox 481 301 1203 402">
     <span class='ocr_line' id='line_1_1' title="bbox 481 301 1203 402; baseline 0.011 -8"><span class='ocrx_word' id='word_1_1' title='bbox 481 337 555 395; x_wconf 84' lang='lat' dir='ltr'><strong>ua</strong></span> <span class='ocrx_word' id='word_1_2' title='bbox 575 301 628 396; x_wconf 76' lang='lat' dir='ltr'><strong>vt.</strong></span> <span class='ocrx_word' id='word_1_3' title='bbox 653 337 739 396; x_wconf 76' lang='lat' dir='ltr'><strong>etr.</strong></span> <span class='ocrx_word' id='word_1_4' title='bbox 756 338 891 402; x_wconf 45' lang='grc'><strong>31434.</strong></span> <span class='ocrx_word' id='word_1_5' title='bbox 1142 339 1203 402; x_wconf 77' lang='lat' dir='ltr'><strong>aaa</strong></span> 
     </span>
    </p>
   </div>
   <div class='ocr_carea' id='block_1_2' title="bbox 65 509 1424 1352">
    <p class='ocr_par' dir='ltr' id='par_1_2' title="bbox 65 509 1424 1352">
     <span class='ocr_line' id='line_1_2' title="bbox 163 509 1424 602; baseline -0.002 -26"><span class='ocrx_word' id='word_1_6' title='bbox 163 513 465 598; x_wconf 79' lang='lat' dir='ltr'><strong>Artabauooognita,</strong></span> <span class='ocrx_word' id='word_1_7' title='bbox 479 513 574 576; x_wconf 85' lang='lat' dir='ltr'><strong>filium</strong></span> <span class='ocrx_word' id='word_1_8' title='bbox 587 514 725 576; x_wconf 77' lang='lat' dir='ltr'><strong>Orodem</strong></span> <span class='ocrx_word' id='word_1_9' title='bbox 740 513 872 576; x_wconf 88' lang='lat' dir='ltr'><strong>ultorem</strong></span> <span class='ocrx_word' id='word_1_10' title='bbox 890 525 990 596; x_wconf 88' lang='lat' dir='ltr'><strong>parat,</strong></span> <span class='ocrx_word' id='word_1_11' title='bbox 1007 515 1119 597; x_wconf 87' lang='lat' dir='ltr'><strong>datque</strong></span> <span class='ocrx_word' id='word_1_12' title='bbox 1127 513 1205 574; x_wconf 88' lang='lat' dir='ltr'><strong>Par·</strong></span> <span class='ocrx_word' id='word_1_13' title='bbox 1222 528 1249 601; x_wconf 63' lang='grc' dir='ltr'><strong>(ι</strong></span> <span class='ocrx_word' id='word_1_14' title='bbox 1258 530 1287 584; x_wconf 82' lang='lat' dir='ltr'><strong>c.</strong></span> <span class='ocrx_word' id='word_1_15' title='bbox 1297 531 1354 602; x_wconf 66' lang='lat'>35.)</span> <span class='ocrx_word' id='word_1_16' title='bbox 1423 509 1424 518; x_wconf 67' lang='grc'>’</span> 
     </span>
     <span class='ocr_line' id='line_1_3' title="bbox 163 622 1206 713; baseline -0.002 -29"><span class='ocrx_word' id='word_1_17' title='bbox 163 624 291 684; x_wconf 88' lang='lat' dir='ltr'><strong>thorum</strong></span> <span class='ocrx_word' id='word_1_18' title='bbox 310 625 424 704; x_wconf 87' lang='lat' dir='ltr'><strong>copias,</strong></span> <span class='ocrx_word' id='word_1_19' title='bbox 448 623 542 684; x_wconf 90' lang='lat' dir='ltr'><strong>mittit</strong></span> <span class='ocrx_word' id='word_1_20' title='bbox 566 625 743 713; x_wconf 77' lang='lat' dir='ltr'><strong>quiauxilia</strong></span> <span class='ocrx_word' id='word_1_21' title='bbox 764 623 902 684; x_wconf 83' lang='lat' dir='ltr'><strong>mercede</strong></span> <span class='ocrx_word' id='word_1_22' title='bbox 918 622 1063 682; x_wconf 86' lang='lat' dir='ltr'><strong>facerent.</strong></span> <span class='ocrx_word' id='word_1_23' title='bbox 1089 622 1206 682; x_wconf 80' lang='lat' dir='ltr'><strong>Contra</strong></span> 
     </span>
     <span class='ocr_line' id='line_1_4' title="bbox 162 730 1206 814; baseline -0.006 -19"><span class='ocrx_word' id='word_1_24' title='bbox 162 733 384 795; x_wconf 80' lang='lat' dir='ltr'><strong>Pharasmanes</strong></span> <span class='ocrx_word' id='word_1_25' title='bbox 412 731 579 814; x_wconf 78' lang='lat' dir='ltr'><strong>adiungere</strong></span> <span class='ocrx_word' id='word_1_26' title='bbox 610 731 769 811; x_wconf 89' lang='lat' dir='ltr'><strong>Albanos,</strong></span> <span class='ocrx_word' id='word_1_27' title='bbox 800 732 896 793; x_wconf 87' lang='lat' dir='ltr'><strong>accire</strong></span> <span class='ocrx_word' id='word_1_28' title='bbox 924 730 1097 805; x_wconf 86' lang='lat' dir='ltr'><strong>Sarmatas,</strong></span> <span class='ocrx_word' id='word_1_29' title='bbox 1127 751 1206 812; x_wconf 92' lang='lat' dir='ltr'><strong>quo·</strong></span> 
     </span>
     <span class='ocr_line' id='line_1_5' title="bbox 65 813 1207 921; baseline -0.002 -21"><span class='ocrx_word' id='word_1_30' title='bbox 65 885 66 894; x_wconf 28' lang='lat' dir='ltr'><strong>i</strong></span> <span class='ocrx_word' id='word_1_31' title='bbox 163 861 234 900; x_wconf 90' lang='lat' dir='ltr'><strong>rum</strong></span> <span class='ocrx_word' id='word_1_32' title='bbox 256 838 413 921; x_wconf 84' lang='lat' dir='ltr'>sceptuchi</span> <span class='ocrx_word' id='word_1_33' title='bbox 434 842 582 920; x_wconf 89' lang='lat' dir='ltr'><strong>utrinque</strong></span> <span class='ocrx_word' id='word_1_34' title='bbox 601 813 691 900; x_wconf 83' lang='lat' dir='ltr'><strong>donis</strong></span> <span class='ocrx_word' id='word_1_35' title='bbox 711 840 868 919; x_wconf 88' lang='lat' dir='ltr'><strong>acceptis,</strong></span> <span class='ocrx_word' id='word_1_36' title='bbox 890 857 975 900; x_wconf 87' lang='lat' dir='ltr'><strong>more</strong></span> <span class='ocrx_word' id='word_1_37' title='bbox 997 828 1137 918; x_wconf 71' lang='lat' dir='ltr'><strong>gentico,</strong></span> <span class='ocrx_word' id='word_1_38' title='bbox 1159 838 1207 898; x_wconf 89' lang='lat' dir='ltr'><strong>di-</strong></span> 
     </span>
     <span class='ocr_line' id='line_1_6' title="bbox 122 941 1208 1026; baseline 0.003 -22"><span class='ocrx_word' id='word_1_39' title='bbox 122 941 247 1012; x_wconf 82' lang='lat' dir='ltr'><strong>5vcrsa</strong></span> <span class='ocrx_word' id='word_1_40' title='bbox 273 947 415 1008; x_wconf 90' lang='lat' dir='ltr'><strong>induere.</strong></span> <span class='ocrx_word' id='word_1_41' title='bbox 460 946 519 1008; x_wconf 87' lang='lat' dir='ltr'><strong>Sed</strong></span> <span class='ocrx_word' id='word_1_42' title='bbox 552 945 665 1008; x_wconf 81' lang='lat' dir='ltr'><strong>Hiberi</strong></span> <span class='ocrx_word' id='word_1_43' title='bbox 688 943 829 1009; x_wconf 85' lang='lat' dir='ltr'><strong>locorum</strong></span> <span class='ocrx_word' id='word_1_44' title='bbox 852 956 991 1026; x_wconf 88' lang='lat' dir='ltr'><strong>potentes</strong></span> <span class='ocrx_word' id='word_1_45' title='bbox 1017 944 1125 1025; x_wconf 88' lang='lat' dir='ltr'><strong>Caspia</strong></span> <span class='ocrx_word' id='word_1_46' title='bbox 1157 945 1208 1007; x_wconf 88' lang='lat' dir='ltr'><strong>via</strong></span> 
     </span>
     <span class='ocr_line' id='line_1_7' title="bbox 163 1051 1207 1136; baseline -0.002 -18"><span class='ocrx_word' id='word_1_47' title='bbox 163 1059 333 1118; x_wconf 84' lang='lat' dir='ltr'><strong>Sarmatam</strong></span> <span class='ocrx_word' id='word_1_48' title='bbox 352 1055 384 1114; x_wconf 90' lang='lat' dir='ltr'><strong>in</strong></span> <span class='ocrx_word' id='word_1_49' title='bbox 405 1054 569 1116; x_wconf 87' lang='lat' dir='ltr'><strong>Armenios</strong></span> <span class='ocrx_word' id='word_1_50' title='bbox 591 1054 701 1136; x_wconf 87' lang='lat' dir='ltr'><strong>raptim</strong></span> <span class='ocrx_word' id='word_1_51' title='bbox 716 1051 893 1126; x_wconf 12' lang='lat' dir='ltr'><strong>&#39;effundunt</strong></span> <span class='ocrx_word' id='word_1_52' title='bbox 946 1054 1062 1136; x_wconf 81' lang='lat' dir='ltr'><strong>Atqui</strong></span> <span class='ocrx_word' id='word_1_53' title='bbox 1083 1054 1207 1116; x_wconf 88' lang='lat' dir='ltr'><strong>Parthis</strong></span> 
     </span>
     <span class='ocr_line' id='line_1_8' title="bbox 141 1161 1207 1252; baseline -0.002 -26"><span class='ocrx_word' id='word_1_54' title='bbox 141 1165 380 1252; x_wconf 25' lang='lat' dir='ltr'><strong>*adventabanu</strong></span> <span class='ocrx_word' id='word_1_55' title='bbox 407 1163 496 1224; x_wconf 81' lang='lat' dir='ltr'><strong>facile</strong></span> <span class='ocrx_word' id='word_1_56' title='bbox 524 1165 726 1242; x_wconf 83' lang='lat' dir='ltr'><strong>arcebantur,</strong></span> <span class='ocrx_word' id='word_1_57' title='bbox 749 1184 820 1224; x_wconf 86' lang='lat' dir='ltr'><strong>oum</strong></span> <span class='ocrx_word' id='word_1_58' title='bbox 849 1162 925 1226; x_wconf 88' lang='lat' dir='ltr'><strong>alios</strong></span> <span class='ocrx_word' id='word_1_59' title='bbox 951 1164 1084 1238; x_wconf 81' lang='lat' dir='ltr'><strong>incessus</strong></span> <span class='ocrx_word' id='word_1_60' title='bbox 1111 1161 1207 1224; x_wconf 86' lang='lat' dir='ltr'><strong>hostis</strong></span> 
     </span>
     <span class='ocr_line' id='line_1_9' title="bbox 140 1269 1238 1352; baseline 0.002 -22"><span class='ocrx_word' id='word_1_61' title='bbox 140 1270 340 1350; x_wconf 75' lang='lat' dir='ltr'><strong>clausisset,</strong></span> <span class='ocrx_word' id='word_1_62' title='bbox 363 1291 461 1330; x_wconf 88' lang='lat' dir='ltr'><strong>uuum</strong></span> <span class='ocrx_word' id='word_1_63' title='bbox 482 1269 656 1352; x_wconf 89' lang='lat' dir='ltr'><strong>reliquum,</strong></span> <span class='ocrx_word' id='word_1_64' title='bbox 680 1291 766 1332; x_wconf 88' lang='lat' dir='ltr'><strong>mare</strong></span> <span class='ocrx_word' id='word_1_65' title='bbox 787 1272 872 1332; x_wconf 85' lang='lat' dir='ltr'><strong>inter</strong></span> <span class='ocrx_word' id='word_1_66' title='bbox 888 1281 920 1333; x_wconf 89' lang='lat' dir='ltr'><strong>et</strong></span> <span class='ocrx_word' id='word_1_67' title='bbox 941 1281 1090 1332; x_wconf 88' lang='lat' dir='ltr'><strong>extremos</strong></span> <span class='ocrx_word' id='word_1_68' title='bbox 1111 1269 1208 1332; x_wconf 90' lang='lat' dir='ltr'><strong>Alba·</strong></span> <span class='ocrx_word' id='word_1_69' title='bbox 1235 1325 1238 1332; x_wconf 83' lang='grc'><strong><em>,</em></strong></span> 
     </span>
    </p>
   </div>
   <div class='ocr_carea' id='block_1_3' title="bbox 27 1111 35 1148">
    <p class='ocr_par' dir='ltr' id='par_1_3' title="bbox 27 1111 35 1148">
     <span class='ocr_line' id='line_1_10' title="bbox 27 1111 35 1148; baseline 0 0"><span class='ocrx_word' id='word_1_70' title='bbox 27 1111 35 1148; x_wconf 84' lang='lat' dir='ltr'><strong>t</strong></span> 
     </span>
    </p>
   </div>
   <div class='ocr_carea' id='block_1_4' title="bbox 98 1377 1294 2650">
    <p class='ocr_par' dir='ltr' id='par_1_4' title="bbox 161 1377 1207 1460">
     <span class='ocr_line' id='line_1_11' title="bbox 161 1377 1207 1460; baseline 0.005 -22"><span class='ocrx_word' id='word_1_71' title='bbox 161 1399 271 1439; x_wconf 90' lang='lat' dir='ltr'><strong>norum</strong></span> <span class='ocrx_word' id='word_1_72' title='bbox 292 1389 432 1456; x_wconf 87' lang='lat' dir='ltr'><strong>montes,</strong></span> <span class='ocrx_word' id='word_1_73' title='bbox 453 1389 549 1438; x_wconf 83' lang='lat' dir='ltr'><strong>aestas</strong></span> <span class='ocrx_word' id='word_1_74' title='bbox 580 1377 762 1458; x_wconf 84' lang='lat' dir='ltr'><strong>impediret,</strong></span> <span class='ocrx_word' id='word_1_75' title='bbox 791 1380 864 1460; x_wconf 88' lang='lat' dir='ltr'><strong>quia</strong></span> <span class='ocrx_word' id='word_1_76' title='bbox 892 1377 1015 1439; x_wconf 83' lang='lat' dir='ltr'><strong>flatibus</strong></span> <span class='ocrx_word' id='word_1_77' title='bbox 1033 1379 1207 1442; x_wconf 81' lang='lat' dir='ltr'><strong>Etesiarum</strong></span> 
     </span>
    </p>

    <p class='ocr_par' dir='ltr' id='par_1_5' title="bbox 107 1459 1206 1569">
     <span class='ocr_line' id='line_1_12' title="bbox 107 1459 1206 1569; baseline 0.007 -25"><span class='ocrx_word' id='word_1_78' title='bbox 107 1505 145 1544; x_wconf 90' lang='lat' dir='ltr'><strong>ro</strong></span> <span class='ocrx_word' id='word_1_79' title='bbox 164 1488 332 1569; x_wconf 78' lang='lat' dir='ltr'><strong>implentur</strong></span> <span class='ocrx_word' id='word_1_80' title='bbox 356 1485 455 1548; x_wconf 88' lang='lat' dir='ltr'><strong>vada:</strong></span> <span class='ocrx_word' id='word_1_81' title='bbox 477 1485 624 1548; x_wconf 87' lang='lat' dir='ltr'><strong>hibernus</strong></span> <span class='ocrx_word' id='word_1_82' title='bbox 643 1495 745 1546; x_wconf 91' lang='lat' dir='ltr'><strong>auster</strong></span> <span class='ocrx_word' id='word_1_83' title='bbox 772 1483 907 1548; x_wconf 86' lang='lat' dir='ltr'><strong>revolvit</strong></span> <span class='ocrx_word' id='word_1_84' title='bbox 938 1483 1070 1560; x_wconf 88' lang='lat' dir='ltr'><strong>fluctus,</strong></span> <span class='ocrx_word' id='word_1_85' title='bbox 1102 1459 1206 1569; x_wconf 59' lang='lat' dir='ltr'><strong>putsoss</strong></span> 
     </span>
    </p>

    <p class='ocr_par' dir='ltr' id='par_1_6' title="bbox 102 1581 1208 1997">
     <span class='ocr_line' id='line_1_13' title="bbox 102 1581 1207 1681; baseline 0 -24"><span class='ocrx_word' id='word_1_86' title='bbox 102 1581 397 1677; x_wconf 63' lang='lat' dir='ltr'><strong>34que&#39;introrsus</strong></span> <span class='ocrx_word' id='word_1_87' title='bbox 416 1595 496 1655; x_wconf 78' lang='lat' dir='ltr'><strong>&#39;freto</strong></span> <span class='ocrx_word' id='word_1_88' title='bbox 522 1594 626 1655; x_wconf 86' lang='lat' dir='ltr'><strong>brevia</strong></span> <span class='ocrx_word' id='word_1_89' title='bbox 670 1591 811 1654; x_wconf 79' lang='lat' dir='ltr'><strong>littorum</strong></span> <span class='ocrx_word' id='word_1_90' title='bbox 851 1592 1021 1660; x_wconf 88' lang='lat' dir='ltr'><strong>nudantur.</strong></span> <span class='ocrx_word' id='word_1_91' title='bbox 1080 1595 1207 1681; x_wconf 76' lang='lat' dir='ltr'><strong>interim</strong></span> 
     </span>
     <span class='ocr_line' id='line_1_14' title="bbox 161 1696 1208 1782; baseline 0.005 -20"><span class='ocrx_word' id='word_1_92' title='bbox 161 1703 299 1762; x_wconf 90' lang='lat' dir='ltr'><strong>Orodem</strong></span> <span class='ocrx_word' id='word_1_93' title='bbox 319 1702 471 1764; x_wconf 89' lang='lat' dir='ltr'><strong>sociorum</strong></span> <span class='ocrx_word' id='word_1_94' title='bbox 494 1701 614 1782; x_wconf 89' lang='lat' dir='ltr'><strong>inopem</strong></span> <span class='ocrx_word' id='word_1_95' title='bbox 633 1709 740 1758; x_wconf 90' lang='lat' dir='ltr'><strong>auctus</strong></span> <span class='ocrx_word' id='word_1_96' title='bbox 753 1696 864 1758; x_wconf 84' lang='lat' dir='ltr'><strong>auxilio</strong></span> <span class='ocrx_word' id='word_1_97' title='bbox 880 1697 1102 1764; x_wconf 83' lang='lat' dir='ltr'><strong>Pharasmanes</strong></span> <span class='ocrx_word' id='word_1_98' title='bbox 1118 1725 1208 1768; x_wconf 86' lang='lat' dir='ltr'><strong>voca-</strong></span> 
     </span>
     <span class='ocr_line' id='line_1_15' title="bbox 160 1807 1203 1891; baseline 0.004 -21"><span class='ocrx_word' id='word_1_99' title='bbox 160 1831 195 1870; x_wconf 88' lang='lat' dir='ltr'><strong>re</strong></span> <span class='ocrx_word' id='word_1_100' title='bbox 217 1809 256 1869; x_wconf 91' lang='lat' dir='ltr'><strong>ad</strong></span> <span class='ocrx_word' id='word_1_101' title='bbox 269 1831 402 1891; x_wconf 80' lang='lat' dir='ltr'><strong>pugnam</strong></span> <span class='ocrx_word' id='word_1_102' title='bbox 418 1819 447 1870; x_wconf 90' lang='lat' dir='ltr'><strong>et</strong></span> <span class='ocrx_word' id='word_1_103' title='bbox 469 1809 687 1869; x_wconf 78' lang='lat' dir='ltr'><strong>detrectantem</strong></span> <span class='ocrx_word' id='word_1_104' title='bbox 702 1809 863 1881; x_wconf 84' lang='lat' dir='ltr'><strong>incessere,</strong></span> <span class='ocrx_word' id='word_1_105' title='bbox 886 1807 1064 1890; x_wconf 85' lang='lat' dir='ltr'><strong>adequitare</strong></span> <span class='ocrx_word' id='word_1_106' title='bbox 1086 1814 1203 1887; x_wconf 76' lang='lat' dir='ltr'><strong>calaris,</strong></span> 
     </span>
     <span class='ocr_line' id='line_1_16' title="bbox 161 1913 1206 1997; baseline 0.012 -24"><span class='ocrx_word' id='word_1_107' title='bbox 161 1914 311 1974; x_wconf 87' lang='lat' dir='ltr'><strong>infensare</strong></span> <span class='ocrx_word' id='word_1_108' title='bbox 330 1915 462 1997; x_wconf 89' lang='lat' dir='ltr'><strong>pabula;</strong></span> <span class='ocrx_word' id='word_1_109' title='bbox 482 1933 519 1975; x_wconf 89' lang='lat' dir='ltr'><strong>ac</strong></span> <span class='ocrx_word' id='word_1_110' title='bbox 548 1915 635 1996; x_wconf 84' lang='lat' dir='ltr'><strong>saepe</strong></span> <span class='ocrx_word' id='word_1_111' title='bbox 660 1915 693 1974; x_wconf 90' lang='lat' dir='ltr'><strong>in</strong></span> <span class='ocrx_word' id='word_1_112' title='bbox 726 1913 868 1991; x_wconf 81' lang='lat' dir='ltr'><strong>modum</strong></span> <span class='ocrx_word' id='word_1_113' title='bbox 885 1914 994 1977; x_wconf 91' lang='lat' dir='ltr'><strong>obsidii</strong></span> <span class='ocrx_word' id='word_1_114' title='bbox 1024 1920 1206 1986; x_wconf 83' lang='lat' dir='ltr'><strong>stationibus</strong></span> 
     </span>
    </p>

    <p class='ocr_par' dir='ltr' id='par_1_7' title="bbox 103 2021 1284 2546">
     <span class='ocr_line' id='line_1_17' title="bbox 103 2021 1206 2110; baseline 0.012 -31"><span class='ocrx_word' id='word_1_115' title='bbox 103 2025 144 2087; x_wconf 80' lang='lat'><strong>15</strong></span> <span class='ocrx_word' id='word_1_116' title='bbox 161 2021 325 2104; x_wconf 78' lang='lat' dir='ltr'><strong>cingebat,</strong></span> <span class='ocrx_word' id='word_1_117' title='bbox 353 2023 451 2085; x_wconf 87' lang='lat' dir='ltr'><strong>donec</strong></span> <span class='ocrx_word' id='word_1_118' title='bbox 468 2025 577 2086; x_wconf 90' lang='lat' dir='ltr'><strong>Parthi</strong></span> <span class='ocrx_word' id='word_1_119' title='bbox 599 2022 853 2086; x_wconf 86' lang='lat' dir='ltr'><strong>contumeliarum</strong></span> <span class='ocrx_word' id='word_1_120' title='bbox 876 2023 1041 2110; x_wconf 81' lang='lat' dir='ltr'><strong>insolentes</strong></span> <span class='ocrx_word' id='word_1_121' title='bbox 1073 2031 1206 2092; x_wconf 87' lang='lat' dir='ltr'><strong>circum·</strong></span> 
     </span>
     <span class='ocr_line' id='line_1_18' title="bbox 160 2117 1204 2216; baseline 0.014 -29"><span class='ocrx_word' id='word_1_122' title='bbox 160 2129 302 2192; x_wconf 87' lang='lat' dir='ltr'><strong>sisterent</strong></span> <span class='ocrx_word' id='word_1_123' title='bbox 322 2153 442 2214; x_wconf 86' lang='lat' dir='ltr'><strong>regem,</strong></span> <span class='ocrx_word' id='word_1_124' title='bbox 472 2143 634 2214; x_wconf 85' lang='lat' dir='ltr'><strong>poscerent</strong></span> <span class='ocrx_word' id='word_1_125' title='bbox 661 2117 820 2214; x_wconf 75' lang='lat' dir='ltr'><strong>praelium.</strong></span> <span class='ocrx_word' id='word_1_126' title='bbox 863 2133 966 2216; x_wconf 84' lang='lat' dir='ltr'><strong>Atque</strong></span> <span class='ocrx_word' id='word_1_127' title='bbox 985 2133 1044 2197; x_wconf 90' lang='lat' dir='ltr'><strong>illis</strong></span> <span class='ocrx_word' id='word_1_128' title='bbox 1076 2139 1140 2200; x_wconf 88' lang='lat' dir='ltr'><strong>sola</strong></span> <span class='ocrx_word' id='word_1_129' title='bbox 1171 2139 1204 2202; x_wconf 88' lang='lat' dir='ltr'><strong>in</strong></span> 
     </span>
     <span class='ocr_line' id='line_1_19' title="bbox 159 2239 1204 2323; baseline 0.011 -27"><span class='ocrx_word' id='word_1_130' title='bbox 159 2239 262 2318; x_wconf 80' lang='lat' dir='ltr'><strong>equite</strong></span> <span class='ocrx_word' id='word_1_131' title='bbox 281 2242 343 2302; x_wconf 88' lang='lat' dir='ltr'><strong>vis:</strong></span> <span class='ocrx_word' id='word_1_132' title='bbox 364 2240 583 2305; x_wconf 84' lang='lat' dir='ltr'><strong>Pharasmanes</strong></span> <span class='ocrx_word' id='word_1_133' title='bbox 602 2252 633 2304; x_wconf 87' lang='lat' dir='ltr'><strong>et</strong></span> <span class='ocrx_word' id='word_1_134' title='bbox 654 2241 757 2323; x_wconf 85' lang='lat' dir='ltr'><strong>pedite</strong></span> <span class='ocrx_word' id='word_1_135' title='bbox 780 2239 910 2310; x_wconf 82' lang='lat' dir='ltr'><strong>valebat.</strong></span> <span class='ocrx_word' id='word_1_136' title='bbox 935 2241 1012 2304; x_wconf 87' lang='lat' dir='ltr'><strong>Nam</strong></span> <span class='ocrx_word' id='word_1_137' title='bbox 1024 2244 1130 2307; x_wconf 88' lang='lat' dir='ltr'><strong>Hiberi</strong></span> <span class='ocrx_word' id='word_1_138' title='bbox 1150 2245 1204 2309; x_wconf 87' lang='lat' dir='ltr'><strong>Al-</strong></span> 
     </span>
     <span class='ocr_line' id='line_1_20' title="bbox 159 2345 1284 2438; baseline 0.012 -32"><span class='ocrx_word' id='word_1_139' title='bbox 159 2345 295 2429; x_wconf 88' lang='lat' dir='ltr'><strong>hanique</strong></span> <span class='ocrx_word' id='word_1_140' title='bbox 327 2347 475 2410; x_wconf 87' lang='lat' dir='ltr'><strong>saltuosos</strong></span> <span class='ocrx_word' id='word_1_141' title='bbox 507 2349 589 2411; x_wconf 92' lang='lat' dir='ltr'><strong>locos</strong></span> <span class='ocrx_word' id='word_1_142' title='bbox 622 2349 790 2412; x_wconf 80' lang='lat' dir='ltr'><strong>insolentes</strong></span> <span class='ocrx_word' id='word_1_143' title='bbox 824 2349 957 2416; x_wconf 87' lang='lat' dir='ltr'><strong>duritiae</strong></span> <span class='ocrx_word' id='word_1_144' title='bbox 977 2353 1204 2438; x_wconf 77' lang='lat' dir='ltr'><strong>patientiaeque</strong></span> <span class='ocrx_word' id='word_1_145' title='bbox 1228 2348 1231 2361; x_wconf 78' lang='grc'><strong>’</strong></span> <span class='ocrx_word' id='word_1_146' title='bbox 1281 2392 1284 2403; x_wconf 45' lang='lat'>¹</span> 
     </span>
     <span class='ocr_line' id='line_1_21' title="bbox 157 2456 1203 2546; baseline 0.007 -26"><span class='ocrx_word' id='word_1_147' title='bbox 157 2461 253 2540; x_wconf 82' lang='lat' dir='ltr'><strong>magis</strong></span> <span class='ocrx_word' id='word_1_148' title='bbox 273 2458 442 2519; x_wconf 86' lang='lat' dir='ltr'><strong>insuevcre.</strong></span> <span class='ocrx_word' id='word_1_149' title='bbox 458 2457 649 2538; x_wconf 82' lang='lat' dir='ltr'><strong>.Feruutque</strong></span> <span class='ocrx_word' id='word_1_150' title='bbox 671 2477 702 2518; x_wconf 90' lang='lat' dir='ltr'><strong>se</strong></span> <span class='ocrx_word' id='word_1_151' title='bbox 723 2456 876 2535; x_wconf 67' lang='lat' dir='ltr'><strong>Thessalis</strong></span> <span class='ocrx_word' id='word_1_152' title='bbox 897 2469 1000 2531; x_wconf 80' lang='lat' dir='ltr'><strong>ortos,</strong></span> <span class='ocrx_word' id='word_1_153' title='bbox 1035 2485 1096 2546; x_wconf 93' lang='lat' dir='ltr'><strong>qua</strong></span> <span class='ocrx_word' id='word_1_154' title='bbox 1124 2476 1203 2526; x_wconf 85' lang='lat' dir='ltr'><strong>tem·</strong></span> 
     </span>
    </p>

    <p class='ocr_par' dir='ltr' id='par_1_8' title="bbox 98 2564 1294 2650">
     <span class='ocr_line' id='line_1_22' title="bbox 98 2564 1294 2650; baseline 0.003 -18"><span class='ocrx_word' id='word_1_155' title='bbox 98 2592 140 2632; x_wconf 78' lang='lat' dir='ltr'><strong>ao</strong></span> <span class='ocrx_word' id='word_1_156' title='bbox 158 2576 269 2649; x_wconf 82' lang='lat' dir='ltr'><strong>pestate</strong></span> <span class='ocrx_word' id='word_1_157' title='bbox 287 2567 382 2642; x_wconf 70' lang='lat' dir='ltr'><strong>,laso,.</strong></span> <span class='ocrx_word' id='word_1_158' title='bbox 394 2575 468 2647; x_wconf 76' lang='lat' dir='ltr'><strong>‚post</strong></span> <span class='ocrx_word' id='word_1_159' title='bbox 488 2575 625 2629; x_wconf 84' lang='lat' dir='ltr'><strong>avectam</strong></span> <span class='ocrx_word' id='word_1_160' title='bbox 644 2564 783 2627; x_wconf 85' lang='lat' dir='ltr'><strong>Medeam</strong></span> <span class='ocrx_word' id='word_1_161' title='bbox 805 2564 984 2650; x_wconf 84' lang='lat' dir='ltr'><strong>genitdsque</strong></span> <span class='ocrx_word' id='word_1_162' title='bbox 1010 2589 1045 2632; x_wconf 82' lang='lat' dir='ltr'><strong>er</strong></span> <span class='ocrx_word' id='word_1_163' title='bbox 1065 2593 1100 2633; x_wconf 89' lang='lat' dir='ltr'><strong>ea</strong></span> <span class='ocrx_word' id='word_1_164' title='bbox 1123 2572 1202 2636; x_wconf 85' lang='lat' dir='ltr'><strong>libe·</strong></span> <span class='ocrx_word' id='word_1_165' title='bbox 1285 2573 1294 2586; x_wconf 75' lang='grc'><strong>“</strong></span> 
     </span>
    </p>
   </div>
   <div class='ocr_carea' id='block_1_5' title="bbox 154 2837 1219 4051">
    <p class='ocr_par' dir='ltr' id='par_1_9' title="bbox 158 2837 1201 3002">
     <span class='ocr_line' id='line_1_23' title="bbox 251 2837 1201 2918; baseline 0.006 -25"><span class='ocrx_word' id='word_1_166' title='bbox 251 2858 273 2893; x_wconf 84' lang='grc' dir='ltr'><strong>ι.</strong></span> <span class='ocrx_word' id='word_1_167' title='bbox 290 2838 393 2914; x_wconf 78' lang='lat' dir='ltr'><strong>datque</strong></span> <span class='ocrx_word' id='word_1_168' title='bbox 413 2838 589 2911; x_wconf 78' lang='lat' dir='ltr'><strong>Parthorum]</strong></span> <span class='ocrx_word' id='word_1_169' title='bbox 610 2839 659 2894; x_wconf 83' lang='lat' dir='ltr'><strong>dat</strong></span> <span class='ocrx_word' id='word_1_170' title='bbox 679 2837 898 2913; x_wconf 78' lang='lat' dir='ltr'><strong>Parthorumque</strong></span> <span class='ocrx_word' id='word_1_171' title='bbox 918 2841 966 2909; x_wconf 81' lang='grc' dir='ltr'><strong>Μ;</strong></span> <span class='ocrx_word' id='word_1_172' title='bbox 985 2846 1102 2918; x_wconf 84' lang='lat' dir='ltr'><strong>correxit</strong></span> <span class='ocrx_word' id='word_1_173' title='bbox 1119 2843 1201 2905; x_wconf 76' lang='lat' dir='ltr'><strong>Bero-</strong></span> 
     </span>
     <span class='ocr_line' id='line_1_24' title="bbox 158 2934 398 3002; baseline 0.004 -16"><span class='ocrx_word' id='word_1_174' title='bbox 158 2934 246 2988; x_wconf 84' lang='lat' dir='ltr'><strong>aldus.</strong></span> <span class='ocrx_word' id='word_1_175' title='bbox 393 2991 398 3002; x_wconf 63' lang='lat'>„</span> 
     </span>
    </p>

    <p class='ocr_par' dir='ltr' id='par_1_10' title="bbox 244 3025 960 3095">
     <span class='ocr_line' id='line_1_25' title="bbox 244 3025 960 3095; baseline 0.006 -17"><span class='ocrx_word' id='word_1_176' title='bbox 244 3029 268 3078; x_wconf 83' lang='lat'><strong>3.</strong></span> <span class='ocrx_word' id='word_1_177' title='bbox 289 3025 416 3095; x_wconf 81' lang='lat' dir='ltr'><strong>accipere</strong></span> <span class='ocrx_word' id='word_1_178' title='bbox 436 3027 478 3077; x_wconf 86' lang='lat' dir='ltr'><strong>M:</strong></span> <span class='ocrx_word' id='word_1_179' title='bbox 499 3027 591 3080; x_wconf 84' lang='lat' dir='ltr'><strong>accire</strong></span> <span class='ocrx_word' id='word_1_180' title='bbox 612 3027 632 3082; x_wconf 88' lang='lat'><strong>1.</strong></span> <span class='ocrx_word' id='word_1_181' title='bbox 652 3027 695 3083; x_wconf 85' lang='lat' dir='ltr'><strong>Fr.</strong></span> <span class='ocrx_word' id='word_1_182' title='bbox 714 3027 880 3084; x_wconf 79' lang='lat' dir='ltr'><strong>Gronovius.</strong></span> <span class='ocrx_word' id='word_1_183' title='bbox 959 3075 960 3082; x_wconf 73' lang='grc'>,</span> 
     </span>
    </p>

    <p class='ocr_par' dir='ltr' id='par_1_11' title="bbox 245 3119 606 3192">
     <span class='ocr_line' id='line_1_26' title="bbox 245 3119 606 3192; baseline -0.008 -17"><span class='ocrx_word' id='word_1_184' title='bbox 245 3125 271 3175; x_wconf 90' lang='grc'><strong>6.</strong></span> <span class='ocrx_word' id='word_1_185' title='bbox 290 3119 445 3192; x_wconf 60' lang='lat' dir='ltr'><strong>filardum}</strong></span> <span class='ocrx_word' id='word_1_186' title='bbox 467 3119 554 3192; x_wconf 66' lang='lat' dir='ltr'><strong>efflant</strong></span> <span class='ocrx_word' id='word_1_187' title='bbox 571 3124 606 3174; x_wconf 91' lang='lat' dir='ltr'><strong>M.</strong></span> 
     </span>
    </p>

    <p class='ocr_par' dir='ltr' id='par_1_12' title="bbox 154 3213 1219 3968">
     <span class='ocr_line' id='line_1_27' title="bbox 244 3213 1197 3292; baseline 0.01 -25"><span class='ocrx_word' id='word_1_188' title='bbox 244 3233 268 3284; x_wconf 87' lang='lat'><strong>9.</strong></span> <span class='ocrx_word' id='word_1_189' title='bbox 287 3216 398 3289; x_wconf 82' lang='lat' dir='ltr'><strong>quia·-</strong></span> <span class='ocrx_word' id='word_1_190' title='bbox 410 3215 558 3284; x_wconf 81' lang='lat' dir='ltr'><strong>implentur</strong></span> <span class='ocrx_word' id='word_1_191' title='bbox 579 3213 660 3290; x_wconf 77' lang='lat' dir='ltr'><strong>vada]</strong></span> <span class='ocrx_word' id='word_1_192' title='bbox 681 3218 722 3270; x_wconf 79' lang='lat' dir='ltr'><strong>Ad</strong></span> <span class='ocrx_word' id='word_1_193' title='bbox 743 3218 903 3287; x_wconf 84' lang='lat' dir='ltr'><strong>particulam</strong></span> <span class='ocrx_word' id='word_1_194' title='bbox 922 3223 991 3292; x_wconf 83' lang='lat' dir='ltr'><strong>quia</strong></span> <span class='ocrx_word' id='word_1_195' title='bbox 1011 3223 1124 3277; x_wconf 81' lang='lat' dir='ltr'><strong>verbum</strong></span> <span class='ocrx_word' id='word_1_196' title='bbox 1145 3225 1197 3276; x_wconf 82' lang='lat' dir='ltr'><strong>im·</strong></span> 
     </span>
     <span class='ocr_line' id='line_1_28' title="bbox 154 3309 1198 3386; baseline 0.006 -20"><span class='ocrx_word' id='word_1_197' title='bbox 154 3315 288 3384; x_wconf 75' lang='lat' dir='ltr'><strong>plentur,</strong></span> <span class='ocrx_word' id='word_1_198' title='bbox 305 3327 363 3365; x_wconf 85' lang='lat' dir='ltr'><strong>aon</strong></span> <span class='ocrx_word' id='word_1_199' title='bbox 383 3313 466 3366; x_wconf 86' lang='lat' dir='ltr'><strong>etiam</strong></span> <span class='ocrx_word' id='word_1_200' title='bbox 484 3309 628 3366; x_wconf 85' lang='lat' dir='ltr'><strong>nudantur</strong></span> <span class='ocrx_word' id='word_1_201' title='bbox 645 3309 819 3363; x_wconf 78' lang='lat' dir='ltr'><strong>referendum</strong></span> <span class='ocrx_word' id='word_1_202' title='bbox 838 3320 895 3364; x_wconf 87' lang='lat' dir='ltr'><strong>est:</strong></span> <span class='ocrx_word' id='word_1_203' title='bbox 912 3330 974 3366; x_wconf 82' lang='lat' dir='ltr'><strong>nam</strong></span> <span class='ocrx_word' id='word_1_204' title='bbox 992 3317 1083 3386; x_wconf 89' lang='lat' dir='ltr'><strong>priore</strong></span> <span class='ocrx_word' id='word_1_205' title='bbox 1105 3335 1198 3372; x_wconf 85' lang='lat' dir='ltr'><strong>enun-</strong></span> 
     </span>
     <span class='ocr_line' id='line_1_29' title="bbox 156 3403 1198 3482; baseline 0.006 -22"><span class='ocrx_word' id='word_1_206' title='bbox 156 3410 223 3460; x_wconf 87' lang='lat' dir='ltr'><strong>tiato</strong></span> <span class='ocrx_word' id='word_1_207' title='bbox 242 3403 445 3482; x_wconf 79' lang='lat' dir='ltr'><strong>(quia-vada]</strong></span> <span class='ocrx_word' id='word_1_208' title='bbox 463 3413 549 3458; x_wconf 88' lang='lat' dir='ltr'><strong>causa&#39;</strong></span> <span class='ocrx_word' id='word_1_209' title='bbox 561 3407 724 3476; x_wconf 76' lang='lat' dir='ltr'><strong>exponitur,</strong></span> <span class='ocrx_word' id='word_1_210' title='bbox 750 3423 798 3459; x_wconf 91' lang='lat' dir='ltr'><strong>cur</strong></span> <span class='ocrx_word' id='word_1_211' title='bbox 815 3405 920 3462; x_wconf 84' lang='lat' dir='ltr'><strong>aestivo</strong></span> <span class='ocrx_word' id='word_1_212' title='bbox 939 3417 1081 3482; x_wconf 87' lang='lat' dir='ltr'><strong>tempore,</strong></span> <span class='ocrx_word' id='word_1_213' title='bbox 1099 3415 1198 3466; x_wconf 84' lang='lat' dir='ltr'><strong>Etesiis</strong></span> 
     </span>
     <span class='ocr_line' id='line_1_30' title="bbox 156 3501 1219 3574; baseline 0.006 -19"><span class='ocrx_word' id='word_1_214' title='bbox 156 3503 316 3556; x_wconf 85' lang='lat' dir='ltr'><strong>borealibus</strong></span> <span class='ocrx_word' id='word_1_215' title='bbox 335 3503 505 3573; x_wconf 78' lang='lat' dir='ltr'><strong>spirantibus</strong></span> <span class='ocrx_word' id='word_1_216' title='bbox 526 3502 671 3574; x_wconf 87' lang='lat' dir='ltr'><strong>undasque</strong></span> <span class='ocrx_word' id='word_1_217' title='bbox 691 3503 721 3553; x_wconf 89' lang='lat' dir='ltr'><strong>in</strong></span> <span class='ocrx_word' id='word_1_218' title='bbox 740 3501 833 3560; x_wconf 85' lang='lat' dir='ltr'><strong>brevia</strong></span> <span class='ocrx_word' id='word_1_219' title='bbox 853 3513 881 3557; x_wconf 91' lang='lat' dir='ltr'><strong>et</strong></span> <span class='ocrx_word' id='word_1_220' title='bbox 893 3507 966 3560; x_wconf 87' lang='lat' dir='ltr'><strong>nuda</strong></span> <span class='ocrx_word' id='word_1_221' title='bbox 987 3509 1111 3560; x_wconf 88' lang='lat' dir='ltr'><strong>littorum</strong></span> <span class='ocrx_word' id='word_1_222' title='bbox 1136 3509 1219 3562; x_wconf 75' lang='lat' dir='ltr'><strong>vol-¹</strong></span> 
     </span>
     <span class='ocr_line' id='line_1_31' title="bbox 156 3598 1196 3674; baseline 0.009 -24"><span class='ocrx_word' id='word_1_223' title='bbox 156 3599 302 3661; x_wconf 87' lang='lat' dir='ltr'><strong>ventibus,</strong></span> <span class='ocrx_word' id='word_1_224' title='bbox 321 3606 349 3650; x_wconf 90' lang='lat' dir='ltr'><strong>et</strong></span> <span class='ocrx_word' id='word_1_225' title='bbox 368 3617 402 3652; x_wconf 83' lang='lat' dir='ltr'><strong>ex</strong></span> <span class='ocrx_word' id='word_1_226' title='bbox 421 3601 507 3652; x_wconf 88' lang='lat' dir='ltr'><strong>altera</strong></span> <span class='ocrx_word' id='word_1_227' title='bbox 535 3606 611 3668; x_wconf 88' lang='lat' dir='ltr'><strong>parte</strong></span> <span class='ocrx_word' id='word_1_228' title='bbox 635 3598 776 3652; x_wconf 85' lang='lat' dir='ltr'><strong>montibus</strong></span> <span class='ocrx_word' id='word_1_229' title='bbox 806 3601 836 3652; x_wconf 88' lang='lat' dir='ltr'><strong>in</strong></span> <span class='ocrx_word' id='word_1_230' title='bbox 858 3619 931 3654; x_wconf 89' lang='lat' dir='ltr'><strong>oram</strong></span> <span class='ocrx_word' id='word_1_231' title='bbox 960 3605 1196 3674; x_wconf 84' lang='lat' dir='ltr'><strong>prominentibus,</strong></span> 
     </span>
     <span class='ocr_line' id='line_1_32' title="bbox 156 3691 1195 3774; baseline 0.015 -31"><span class='ocrx_word' id='word_1_232' title='bbox 156 3691 339 3745; x_wconf 85' lang='lat' dir='ltr'><strong>Sarmatarum</strong></span> <span class='ocrx_word' id='word_1_233' title='bbox 357 3696 476 3746; x_wconf 82' lang='lat' dir='ltr'><strong>incessus</strong></span> <span class='ocrx_word' id='word_1_234' title='bbox 490 3697 520 3748; x_wconf 91' lang='lat' dir='ltr'><strong>in</strong></span> <span class='ocrx_word' id='word_1_235' title='bbox 538 3696 695 3748; x_wconf 82' lang='lat' dir='ltr'><strong>Armeniam</strong></span> <span class='ocrx_word' id='word_1_236' title='bbox 714 3697 856 3766; x_wconf 83' lang='lat' dir='ltr'><strong>pervenire</strong></span> <span class='ocrx_word' id='word_1_237' title='bbox 875 3714 931 3752; x_wconf 83' lang='lat' dir='ltr'><strong>non</strong></span> <span class='ocrx_word' id='word_1_238' title='bbox 946 3707 1078 3770; x_wconf 79' lang='lat' dir='ltr'><strong>potuerit.</strong></span> <span class='ocrx_word' id='word_1_239' title='bbox 1098 3705 1195 3774; x_wconf 83' lang='lat' dir='ltr'><strong>Expli-</strong></span> 
     </span>
     <span class='ocr_line' id='line_1_33' title="bbox 157 3786 1196 3862; baseline 0.014 -22"><span class='ocrx_word' id='word_1_240' title='bbox 157 3788 273 3843; x_wconf 86' lang='lat' dir='ltr'><strong>oationis</strong></span> <span class='ocrx_word' id='word_1_241' title='bbox 292 3803 369 3841; x_wconf 84' lang='lat' dir='ltr'><strong>causa</strong></span> <span class='ocrx_word' id='word_1_242' title='bbox 386 3789 515 3844; x_wconf 86' lang='lat' dir='ltr'><strong>adiicitur</strong></span> <span class='ocrx_word' id='word_1_243' title='bbox 534 3791 632 3844; x_wconf 79' lang='lat' dir='ltr'><strong>hiemi·</strong></span> <span class='ocrx_word' id='word_1_244' title='bbox 651 3799 773 3862; x_wconf 82' lang='lat' dir='ltr'><strong>tempore</strong></span> <span class='ocrx_word' id='word_1_245' title='bbox 791 3794 839 3846; x_wconf 84' lang='lat' dir='ltr'><strong>illa</strong></span> <span class='ocrx_word' id='word_1_246' title='bbox 859 3794 953 3848; x_wconf 84' lang='lat' dir='ltr'><strong>littora</strong></span> <span class='ocrx_word' id='word_1_247' title='bbox 970 3786 1099 3854; x_wconf 68' lang='lat' dir='ltr'><strong>ab‘undta</strong></span> <span class='ocrx_word' id='word_1_248' title='bbox 1120 3803 1196 3856; x_wconf 81' lang='lat' dir='ltr'><strong>haut</strong></span> 
     </span>
     <span class='ocr_line' id='line_1_34' title="bbox 158 3883 1194 3968; baseline 0.017 -33"><span class='ocrx_word' id='word_1_249' title='bbox 158 3883 298 3949; x_wconf 81' lang='lat' dir='ltr'><strong>infestari,</strong></span> <span class='ocrx_word' id='word_1_250' title='bbox 315 3891 405 3938; x_wconf 83' lang='lat' dir='ltr'><strong>austro</strong></span> <span class='ocrx_word' id='word_1_251' title='bbox 416 3886 512 3940; x_wconf 82' lang='lat' dir='ltr'><strong>fluctus</strong></span> <span class='ocrx_word' id='word_1_252' title='bbox 531 3889 565 3938; x_wconf 89' lang='lat' dir='ltr'><strong>ab</strong></span> <span class='ocrx_word' id='word_1_253' title='bbox 580 3893 627 3942; x_wconf 78' lang='lat' dir='ltr'><strong>ora</strong></span> <span class='ocrx_word' id='word_1_254' title='bbox 646 3891 746 3943; x_wconf 85' lang='lat' dir='ltr'><strong>adalta</strong></span> <span class='ocrx_word' id='word_1_255' title='bbox 756 3891 837 3946; x_wconf 81' lang='lat' dir='ltr'><strong>maris</strong></span> <span class='ocrx_word' id='word_1_256' title='bbox 857 3890 1015 3966; x_wconf 73' lang='lat' dir='ltr'><strong>(irttrorsur)</strong></span> <span class='ocrx_word' id='word_1_257' title='bbox 1034 3899 1194 3968; x_wconf 74' lang='lat' dir='ltr'><strong>repellente.</strong></span> 
     </span>
    </p>

    <p class='ocr_par' dir='ltr' id='par_1_13' title="bbox 231 3981 708 4051">
     <span class='ocr_line' id='line_1_35' title="bbox 231 3981 708 4051; baseline 0.004 -15"><span class='ocrx_word' id='word_1_258' title='bbox 231 3985 269 4051; x_wconf 68' lang='lat' dir='ltr'><strong>rt.</strong></span> <span class='ocrx_word' id='word_1_259' title='bbox 288 3984 319 4036; x_wconf 84' lang='lat' dir='ltr'><strong>in</strong></span> <span class='ocrx_word' id='word_1_260' title='bbox 338 3999 390 4037; x_wconf 89' lang='lat' dir='ltr'><strong>om.</strong></span> <span class='ocrx_word' id='word_1_261' title='bbox 412 3983 456 4048; x_wconf 88' lang='grc' dir='ltr'><strong>Μ,</strong></span> <span class='ocrx_word' id='word_1_262' title='bbox 475 3981 552 4037; x_wconf 87' lang='lat' dir='ltr'><strong>dedit</strong></span> <span class='ocrx_word' id='word_1_263' title='bbox 572 3985 708 4046; x_wconf 81' lang='lat' dir='ltr'><strong>Muretus.</strong></span> 
     </span>
    </p>
   </div>
   <div class='ocr_carea' id='block_1_6' title="bbox 0 0 1436 4726">
    <p class='ocr_par' dir='ltr' id='par_1_14' title="bbox 0 0 1436 4726">
     <span class='ocr_line' id='line_1_36' title="bbox 0 0 1436 4726; baseline 0 0"><span class='ocrx_word' id='word_1_264' title='bbox 0 0 1436 4726; x_wconf 95' lang='lat' dir='ltr'><strong> </strong></span> 
     </span>
    </p>
   </div>
  </div>
 </body>
</html>
