2826 4730
81 299 142 358 η
227 297 314 398 ur
425 329 428 334 ,
633 296 874 370 Arainon
981 305 984 313 ¹

74 476 102 552 (ι
118 478 147 532 C.
162 481 218 554 ar.)
226 477 425 560 praesidebat)
440 525 452 559 ,
472 480 589 545 alarios.
604 468 721 566 equites
742 506 777 544 ac
798 479 878 546 leves
913 484 1089 552 cohortium
1112 461 1205 548 mittit
1217 477 1265 548 'in

188 629 190 636 ι
224 607 295 663 eos,
319 588 373 670 qui
394 589 605 670 praedabundi
629 603 683 652 aut
700 585 887 654 assumendis
920 591 1039 654 auxiliis
1061 591 1264 674 vagabuntur,

219 695 290 776 ipse
309 694 406 757 robur
426 695 561 784 peditum
584 700 623 759 ad
651 699 867 760 exsolvendum
897 699 1050 768 obsidium
1082 698 1177 762 ducit.
1219 701 1268 760 Si·

101 789 131 812 “’
200 824 205 832 ·
223 799 349 884 mulque
372 814 483 864 cuncta
505 789 652 885 prospere
673 817 762 883 acta,
783 805 875 872 eaesis
890 804 1121 892 populatoribus
1148 815 1178 864 et
1199 805 1264 864 dis-

222 915 361 972 sensione
383 921 453 973 orta
473 914 554 996 apu'd
576 914 766 991 obsidentes,
798 898 937 994 regisque
964 925 1140 994 opportuna¹
1172 908 1298 994 erup-5

122 1053 132 1060 -
190 1093 192 1100 .
220 1021 304 1080 tione
324 1031 354 1080 et
373 1019 506 1080 adventu
530 1019 668 1103 legionis.
712 1023 816 1100 Neque
848 1021 942 1078 aciem
971 1029 1026 1078 aut
1046 1018 1193 1100 praelium
1215 1019 1264 1078 di·

219 1128 247 1188 ci
267 1127 424 1204 decuerit,
451 1132 482 1188 in
505 1151 565 1211 quo
592 1149 757 1218 semermes,
783 1147 817 1193 ac
850 1125 987 1208 palarrtes
1015 1125 1161 1195 trucidati
1190 1135 1262 1194 suut
1287 1143 1290 1151 “

219 1219 284 1296 sine
303 1247 409 1298 nostro
432 1215 591 1318 sanguine.

301 1345 419 1407 Eodem
455 1367 535 1406 anno
573 1344 744 1408 Galliarum
778 1345 920 1410 civitates,
946 1339 989 1404 ob
1017 1337 1318 1427 magnitudinemlpt)

218 1451 298 1512 aeris
328 1450 419 1512 alieni
448 1431 653 1512 rebellionem¹
682 1463 884 1532 coeptavere,
931 1453 1022 1532 cuius
1047 1431 1258 1531 east-imu'lator
1282 1465 1316 1512 ¹0

113 1623 117 1626 ,
175 1581 179 1592 ⁴
218 1559 384 1620 acerrimus
402 1560 483 1620 inter
503 1539 784 1638 Treveroslulius
799 1559 930 1631 Florus,
953 1557 1036 1640 apud
1060 1559 1182 1619 Aeduos
1206 1560 1257 1618 lu-

214 1662 275 1725 lius
290 1664 445 1727 Sacrovir.
488 1668 639 1730 Nobilitas
656 1667 807 1728 ambobus
826 1677 857 1726 et
871 1668 1029 1737 maiorum
1049 1665 1132 1732 bona
1154 1667 1232 1726 faeta
1246 1711 1257 1742 „

215 1793 312 1854 eoque
329 1773 468 1839 Romana
488 1775 596 1837 civitas
616 1776 691 1843 olirn¹
714 1775 813 1850 data,
835 1793 905 1846 cunr
922 1773 955 1834 id
983 1795 1088 1852 rarum
1109 1795 1167 1834 neo
1199 1775 1257 1836 nisi

214 1881 326 1942 uirtuti
344 1883 476 1964 pretium
506 1893 591 1944 esset.
636 1884 662 1943 li
703 1884 825 1944 seeretis
855 1879 1034 1962 colloquiis,
1071 1880 1256 1965 ferocissimo

213 2007 335 2070 quoque
355 1997 528 2068 assumpt0,
550 1997 603 2050 aut
625 1987 736 2072 quibus
760 1986 800 2048 ob
829 1997 992 2068 egestatem
1013 2007 1048 2048 ec
1082 1999 1197 2052 metum
1219 2011 1254 2050 ex
1278 1987 1310 2060 ιδ

207 2093 333 2176 ,flagitiis
359 2095 488 2157 maxima
515 2096 662 2178 peccandi
683 2095 896 2172 necessitudo,
934 2107 1122 2178 componunt
1143 2099 1254 2162 Florus

210 2199 335 2296 Belgas,
352 2201 493 2264 Sacrovir
514 2202 671 2283 propiores
688 2197 791 2262 Gallos
805 2217 935 2270 conone
961 2201 1059 2283 Igitur
1084 2207 1254 2284 perconci·
1343 2209 1346 2218 ’

209 2307 324 2368 liubula
346 2319 376 2370 et
395 2317 498 2371 coetus
520 2307 661 2369 seditiosa
680 2287 869 2400 disserebant
893 2305 932 2366 de
954 2310 1180 2377 continuatione
1204 2313 1255 2392 tri-

208 2415 374 2489 buturum,
401 2419 552 2500 grauitate
571 2415 709 2492 fenoris,
742 2415 871 2478 saevitia
903 2404 938 2478 ac
967 2417 1121 2499 superbia
1140 2421 1253 2500 praesi-

209 2523 360 2600 dentium.¹
399 2525 441 2589 Et
458 2525 635 2590 discordare
656 2525 784 2594 militem
815 2527 918 2606 audito
942 2527 1115 2598 Germanici
1144 2528 1248 2588 exitio.
1272 2507 1319 2589 so

206 2633 375 2718 Egregium
397 2635 598 2699 resumendae.
615 2633 754 2707 libertati
776 2644 921 2718 tempus,
954 2637 980 2696 si
1002 2636 1057 2717 ipsi
1088 2628 1249 2714 florentes,

206 2763 300 2825 quam
321 2743 540 2826 inopsltalia,
564 2765 657 2826 quam
676 2743 807 2816 imbellis
829 2745 948 2806 urbana
967 2741 1083 2826 plebes,
1105 2723 1181 2808 nihil
1197 2763 1252 2802 va·

108 2900 113 2916 .
206 2851 304 2914 lidum
326 2855 359 2914 in
380 2848 560 2912 exercitibus
584 2849 643 2910 uisi
659 2847 742 2932 duod
758 2861 930 2924 externum,
954 2851 1131 2930 cogitarent.
1159 2842 1300 2926 Haudlpl

204 2961 302 3024 ferme
325 2957 388 3022 ulla
411 2947 519 3020 civitas.
537 2958 650 3026 intaeta
671 2939 838 3022 seminibus
864 2957 944 3021 eins*
958 2968 1063 3027 motus
1090 2955 1166 3028 fuit:
1197 2956 1249 3018 sed

206 3088 337 3152 erupere
360 3065 451 3148 primi
474 3064 632 3126 Andecavi
654 3086 689 3125 ac
710 3064 843 3126 Turoni.
862 3090 864 3094 ·
893 3065 1034 3144 Quorum
1067 3065 1247 3124 Andecavos
1267 3064 1306 3126 25

203 3175 318 3242 Acilius
337 3171 447 3236 Aviola
468 3173 604 3258 legatus,
628 3175 725 3236 exeita
747 3174 877 3236 cohorte
894 3193 972 3256 quae
996 3173 1138 3256 Lugduni
1160 3196 1249 3256 prae·

140 3315 144 3320 ¹
211 3284 324 3356 sidium
345 3280 501 3362 agitabat,
527 3279 672 3346 coercuit.
692 3279 813 3340 Turoni
834 3276 1000 3361 legionario
1025 3277 1135 3353 milite,
1157 3301 1248 3360 quem

203 3387 353 3451 Visellius
377 3385 478 3447 Varro
510 3385 661 3447 interioris
687 3384 871 3464 Germaniae
892 3381 1009 3466 legatus
1030 3371 1168 3457 miserat,
1192 3405 1249 3466 op

179 3496 302 3579 pressi
324 3492 431 3560 eodem
453 3491 564 3557 Aviola
589 3491 666 3554 duce
686 3503 716 3552 et
738 3489 920 3574 quibusdam
941 3477 1110 3608 Galliarum
1131 3511 1168 3574 pr
1169 3513 1245 3554 uno

202 3645 470 3666 w

290 3781 316 3833 7.
332 3778 459 3818 semsrms
475 3759 520 3812 M:
540 3738 682 3822 semermes
699 3757 865 3825 Beroaldus:
883 3760 1009 3812 semermi
1029 3727 1176 3810 bellatus.
1204 3823 1209 3841 Ι

263 3859 309 3914 ai.
330 3854 450 3929 Turoni]
476 3852 595 3908 iteranti
618 3852 728 3922 scripsit
747 3851 910 3917 Beroaldus,
929 3861 958 3908 et
975 3854 1047 3907 intra
1065 3855 1097 3924 (c.
1114 3855 1167 3924 46.)
1189 3855 1243 3906 Tu·
1302 3873 1309 3890 ·

202 3955 312 4007 renium
331 3951 451 4029 Lipsius.
