2900 4706
245 279 320 342 ‘378
351 301 353 306 ·
375 319 376 322 =
656 268 879 338 ANNALIUM

52 502 53 506 ,
116 453 143 524 (a
156 451 381 538 &Samonque
409 453 517 516 honori
547 454 655 516 matris
684 438 824 512 daretur:
858 437 969 536 quippe
1008 465 1145 518 sueverat
1164 456 1286 517 triremi

257 572 289 625 et
308 559 532 622 classiariorrun
548 561 673 642 remigio
692 559 775 622 vehi.
818 559 863 620 Ae
884 569 950 630 turn
973 561 1158 624 iuvitata‘ad
1182 561 1287 644 epulas

257 680 343 749 erat,
364 683 399 731 ut
418 667 598 732 occultando
617 669 824 732 facinoriuox
854 669 1054 734 adhiberetur.
1102 671 1180 734 satis
1209 692 1284 730 oon·
1347 643 1351 653 .

257 776 335 837 stitit
355 775 499 837 exstitisse
518 775 724 858 proditorem,
745 787 776 836 et
796 778 988 858 Agrippinam
1021 775 1127 838 auditis
1148 777 1285 854 insidiis,

258 904 297 944 ao
318 883 455 944 erederet
473 882 662 966 ambiguam,
682 885 846 965 gestamine
872 883 961 944 sellae
991 885 1079 945 Baias
1100 895 1282 975 perrgetam.
1305 893 1324 958 5

258 989 306 1050 lbi
325 987 570 1050 blandimentum
589 989 761 1052 sublevavit
781 1003 913 1053 metum:
941 995 1065 1054 comiter
1092 975 1212 1074 excepta
1232 1012 1285 1054 su·

152 1115 154 1123 ¹
257 1117 376 1178 perque
393 1099 491 1178 ipsum
505 1093 660 1162 collocata.
702 1097 781 1158 Nam
801 1097 940 1180 pluribus
962 1085 1176 1176 sermonibus,
1196 1097 1287 1159 modo

258 1206 465 1282 familiaritate
485 1205 608 1268 iuvenili
637 1205 721 1268 Nero
745 1219 778 1268 et
798 1229 905 1270 rursus
925 1209 1091 1280 adductus,
1109 1207 1196 1290 quasi
1211 1209 1287 1266 seria

258 1315 467 1393 consociaret,
486 1323 584 1376 tracto
605 1315 636 1376 in
660 1313 785 1396 longum
809 1316 966 1392 convictu,
992 1317 1188 1398 prosequitur
1214 1313 1284 1372 abe-

258 1433 381 1500 untem,
403 1421 496 1483 artius
514 1421 612 1483 oeulis
632 1403 794 1502 etpectori
820 1418 965 1494 haerens,
994 1423 1055 1482 sive
1081 1418 1223 1502 explenda
1247 1421 1286 1480 sl·
1311 1449 1344 1492 ιο

258 1528 443 1608 titulatione,
456 1539 519 1588 sau
537 1531 690 1612 periturae
711 1529 995 1609 matrisrsupremus
1023 1537 1160 1608 aspectus
1178 1549 1288 1608 (purrin-¹

257 1637 304 1698 vis
338 1637 438 1698 ferum
458 1637 593 1696 animum
611 1635 772 1696 retinebat.
813 1635 942 1696 Noctem
963 1633 1110 1696 sideribus
1142 1619 1317 1698 illustrem5

231 1791 232 1794 η
258 1756 288 1805 et
308 1741 428 1826 placido
447 1743 525 1804 mari
548 1743 701 1824 quietam,
721 1743 809 1824 quasi
836 1741 1076 1804 conducendum
1097 1741 1137 1801 ad
1167 1739 1286 1820 scelus,

259 1851 290 1930 di
311 1851 490 1934 praebuere.
532 1849 592 1910 Nec
611 1848 740 1911 multum
761 1859 828 1910 erat
854 1869 1012 1931 progressa
1032 1849 1136 1925 navis,
1167 1845 1286 1908 duobus

258 1980 419 2020 enumero
446 1953 641 2018 familiarium
671 1955 870 2038 Agrippinam
899 1939 1137 2032 comitantibus,
1159 1975 1192 2016 ex
1219 1954 1285 2036 quis
1310 1956 1343 2020 15

260 2065 438 2146 Crepereius
451 2059 558 2122 Gallus
578 2060 658 2122 haud
677 2051 782 2143 procul
804 2058 1014 2142 gubernaculis
1032 2058 1179 2142 astabat,¹
1191 2063 1289 2123 Acer-

259 2173 345 2232 ronia
364 2189 453 2251 super
477 2167 570 2248 pedes
599 2148 761 2230 cubitantis
792 2165 913 2228 reclinis
946 2170 1156 2248 paenitentiam
1174 2169 1228 2231 filii
1258 2177 1289 2231 et

260 2284 457 2360 reciperatam
476 2280 581 2336 metris
599 2279 728 2358 gratiam
747 2297 804 2357 per
830 2277 973 2356 gaudium
994 2277 1198 2357 memorabat,
1218 2300 1287 2340 eum

259 2390 330 2450 dato
348 2389 432 2470 signo
452 2406 541 2446 ruere
566 2371 683 2446 xtentum
719 2385 777 2446 loci
802 2382 898 2446 multo
923 2383 1049 2466 plumbo
1067 2407 1180 2468 grare3
1200 2359 1286 2466 pres-

149 2494 161 2579 ⁸,
257 2519 367 2579 ¹susque
392 2493 570 2577 Crepereius
590 2505 622 2556 et
642 2497 744 2556 statim
767 2495 950 2574 exanimatus
972 2506 1027 2562 est.
1069 2494 1232 2577 Agrippina
1256 2502 1288 2556 et
1306 2507 1344 2545 ²⁰

196 2671 198 2684 ‚
260 2607 424 2668 Acerronia
445 2605 647 2668 eminentibus
667 2601 740 2666 lecti
766 2605 932 2687 parietibus
960 2625 994 2664 ae
1029 2603 1106 2666 forte
1132 2601 1287 2664 validiori-

259 2715 316 2776 bus
345 2737 436 2798 quarn
450 2724 485 2775 ut
504 2713 590 2780 oneri
610 2713 766 2789 oederent,
791 2724 944 2795 protectae
957 2725 1036 2776 sunt.
1077 2713 1139 2799 Nee
1159 2709 1287 2773 dissolu-

227 2807 230 2812 *
258 2825 302 2884 tio
323 2825 433 2904 navigii
448 2821 649 2904 sequebatur,
670 2821 800 2882 turbatis
822 2821 979 2894 omnibus,
1001 2831 1031 2880 et
1051 2816 1287 2902 quodvplerique

260 2931 358 3011 ignari
380 2932 468 2990 otiam
490 2931 622 2989 conscios
643 2928 855 3010 impediebant.
898 2928 1004 2988 Visum
1031 2925 1142 2986 dehine
1166 2927 1285 3007 remigi-

259 3037 317 3098 bus
337 3056 433 3096 uuum
459 3035 491 3095 in
515 3034 594 3096 latus
607 3033 765 3096 inclinare
785 3049 874 3119 atque
886 3037 928 3095 ita
950 3053 1059 3102 navem
1081 3012 1283 3113 submergere.
1302 3019 1342 3082 25

259 3145 321 3207 Sed
342 3165 438 3224 neque
459 3142 530 3224 ipsis
549 3153 707 3224 promptus
735 3142 764 3202 in
790 3163 853 3202 rem
884 3141 1012 3204 subitam
1038 3161 1220 3216 consensus,
1256 3152 1286 3200 et

260 3253 310 3314 alii
341 3261 445 3311 contra
476 3253 602 3310 nitentes
630 3248 744 3310 dedere
777 3247 946 3310 facultatem
983 3249 1108 3310 lenioris
1138 3250 1169 3308 in
1205 3267 1285 3308 mare

260 3361 364 3420 iactus.
405 3357 522 3418 Verum
545 3358 707 3418 Acerronia
727 3335 922 3436 imprudens,
937 3357 1009 3418 dum
1037 3377 1069 3418 se
1090 3353 1285 3436 Agrippinam

261 3485 345 3544 esse,
356 3476 450 3546 utque
464 3463 677 3526 sub'veniretur
697 3465 787 3525 matri
800 3464 956 3547 principis,
974 3463 1119 3540 clamitat,
1142 3462 1239 3522 contis
1255 3472 1286 3523 et

347 3711 371 3763 5.
392 3709 477 3762 Baias
493 3709 677 3763 Puteolanus:
695 3708 801 3764 codices
821 3665 930 3772 Baulos.

330 3819 372 3856 αα.
392 3819 474 3896 qum
489 3816 521 3856 ur
541 3800 669 3856 Pirb'ena:
688 3803 795 3858 codices
812 3805 954 3874 quamvis,
971 3805 1113 3865 silentiari
1130 3804 1181 3861 Μ’.

331 3913 373 3966 ²7.
390 3895 454 3953 dere
471 3887 521 3950 Μ’.
585 3904 586 3907 ’
