<?xml version="1.0" encoding="UTF-8"?>
<!DOCTYPE html PUBLIC "-//W3C//DTD XHTML 1.0 Transitional//EN"
    "http://www.w3.org/TR/xhtml1/DTD/xhtml1-transitional.dtd">
<html xmlns="http://www.w3.org/1999/xhtml" xml:lang="en" lang="en">
 <head>
  <title>
</title>
<meta http-equiv="Content-Type" content="text/html;charset=utf-8" />
  <meta name='ocr-system' content='tesseract 3.04.00' />
  <meta name='ocr-capabilities' content='ocr_page ocr_carea ocr_par ocr_line ocrx_word'/>
</head>
<body>
  <div class='ocr_page' id='page_1' title='image "./ccorneliitaciti00rittgoog_0158.png"; bbox 0 0 2826 4730; ppageno 0'>
   <div class='ocr_carea' id='block_1_1' title="bbox 231 271 882 418">
    <p class='ocr_par' dir='ltr' id='par_1_1' title="bbox 231 271 882 418">
     <span class='ocr_line' id='line_1_1' title="bbox 231 271 882 418; baseline -0.002 -31"><span class='ocrx_word' id='word_1_1' title='bbox 231 329 295 398; x_wconf 76' lang='lat' dir='ltr'><strong>ms</strong></span> <span class='ocrx_word' id='word_1_2' title='bbox 379 271 402 326; x_wconf 32' lang='grc' dir='ltr'><em>Γ</em></span> <span class='ocrx_word' id='word_1_3' title='bbox 485 409 492 418; x_wconf 29' lang='grc' dir='ltr'>Ι</span> <span class='ocrx_word' id='word_1_4' title='bbox 636 318 882 386; x_wconf 74' lang='lat' dir='ltr'><strong>aurinum·</strong></span> 
     </span>
    </p>
   </div>
   <div class='ocr_carea' id='block_1_2' title="bbox 80 504 1318 1351">
    <p class='ocr_par' dir='ltr' id='par_1_2' title="bbox 80 504 1318 1351">
     <span class='ocr_line' id='line_1_2' title="bbox 80 504 1262 594; baseline 0.001 -22"><span class='ocrx_word' id='word_1_5' title='bbox 80 525 332 594; x_wconf 65' lang='lat' dir='ltr'><strong>(ec,21,)nuper</strong></span> <span class='ocrx_word' id='word_1_6' title='bbox 370 510 511 572; x_wconf 81' lang='lat' dir='ltr'><strong>feminam</strong></span> <span class='ocrx_word' id='word_1_7' title='bbox 542 511 682 572; x_wconf 84' lang='lat' dir='ltr'><strong>exercitio</strong></span> <span class='ocrx_word' id='word_1_8' title='bbox 711 511 906 589; x_wconf 78' lang='lat' dir='ltr'><strong>cohortium,</strong></span> <span class='ocrx_word' id='word_1_9' title='bbox 934 511 1063 572; x_wconf 86' lang='lat' dir='ltr'><strong>decursu</strong></span> <span class='ocrx_word' id='word_1_10' title='bbox 1096 504 1262 593; x_wconf 78' lang='lat' dir='ltr'><strong>legionum·</strong></span> 
     </span>
     <span class='ocr_line' id='line_1_3' title="bbox 187 603 1262 701; baseline -0.007 -19"><span class='ocrx_word' id='word_1_11' title='bbox 187 619 191 652; x_wconf 87' lang='lat'><strong>¹</strong></span> <span class='ocrx_word' id='word_1_12' title='bbox 232 621 405 701; x_wconf 77' lang='lat' dir='ltr'><strong>cogitarent</strong></span> <span class='ocrx_word' id='word_1_13' title='bbox 427 617 503 698; x_wconf 91' lang='lat' dir='ltr'><strong>ipsi,</strong></span> <span class='ocrx_word' id='word_1_14' title='bbox 526 603 663 697; x_wconf 89' lang='lat' dir='ltr'><strong>quotiens</strong></span> <span class='ocrx_word' id='word_1_15' title='bbox 683 617 921 700; x_wconf 88' lang='lat' dir='ltr'><strong>repetundarum</strong></span> <span class='ocrx_word' id='word_1_16' title='bbox 942 615 1037 701; x_wconf 89' lang='lat' dir='ltr'><strong>aliqui</strong></span> <span class='ocrx_word' id='word_1_17' title='bbox 1048 626 1262 699; x_wconf 78' lang='lat' dir='ltr'><strong>arguerentur,</strong></span> 
     </span>
     <span class='ocr_line' id='line_1_4' title="bbox 229 723 1266 810; baseline -0.006 -22"><span class='ocrx_word' id='word_1_18' title='bbox 229 727 316 810; x_wconf 89' lang='lat' dir='ltr'><strong>plura</strong></span> <span class='ocrx_word' id='word_1_19' title='bbox 339 724 485 784; x_wconf 80' lang='lat' dir='ltr'>uxoribus</span> <span class='ocrx_word' id='word_1_20' title='bbox 505 723 673 802; x_wconf 85' lang='lat' dir='ltr'><strong>obiectari;</strong></span> <span class='ocrx_word' id='word_1_21' title='bbox 700 727 745 786; x_wconf 88' lang='lat' dir='ltr'><strong>his</strong></span> <span class='ocrx_word' id='word_1_22' title='bbox 776 729 878 790; x_wconf 84' lang='lat' dir='ltr'><strong>statim</strong></span> <span class='ocrx_word' id='word_1_23' title='bbox 899 727 1116 788; x_wconf 76' lang='lat' dir='ltr'><strong>adhaerescere</strong></span> <span class='ocrx_word' id='word_1_24' title='bbox 1138 725 1266 784; x_wconf 87' lang='lat' dir='ltr'><strong>deterri-</strong></span> 
     </span>
     <span class='ocr_line' id='line_1_5' title="bbox 230 821 1267 915; baseline -0.006 -22"><span class='ocrx_word' id='word_1_25' title='bbox 230 851 311 893; x_wconf 88' lang='lat' dir='ltr'><strong>mum</strong></span> <span class='ocrx_word' id='word_1_26' title='bbox 347 821 497 912; x_wconf 63' lang='lat' dir='ltr'><strong>quomque</strong></span> <span class='ocrx_word' id='word_1_27' title='bbox 536 832 790 912; x_wconf 84' lang='lat' dir='ltr'><strong>provincialium,</strong></span> <span class='ocrx_word' id='word_1_28' title='bbox 834 833 873 894; x_wconf 91' lang='lat' dir='ltr'><strong>ab</strong></span> <span class='ocrx_word' id='word_1_29' title='bbox 907 834 954 894; x_wconf 88' lang='lat' dir='ltr'><strong>his</strong></span> <span class='ocrx_word' id='word_1_30' title='bbox 997 833 1117 915; x_wconf 77' lang='lat' dir='ltr'><strong>negotia</strong></span> <span class='ocrx_word' id='word_1_31' title='bbox 1156 830 1267 911; x_wconf 83' lang='lat' dir='ltr'><strong>suscipi</strong></span> 
     </span>
     <span class='ocr_line' id='line_1_6' title="bbox 226 915 1299 1032; baseline -0.001 -31"><span class='ocrx_word' id='word_1_32' title='bbox 226 937 369 1020; x_wconf 81' lang='lat' dir='ltr'><strong>transigi3</strong></span> <span class='ocrx_word' id='word_1_33' title='bbox 393 939 522 1025; x_wconf 86' lang='lat' dir='ltr'><strong>duorum</strong></span> <span class='ocrx_word' id='word_1_34' title='bbox 538 961 675 1032; x_wconf 83' lang='lat' dir='ltr'><strong>egressus</strong></span> <span class='ocrx_word' id='word_1_35' title='bbox 700 915 785 1021; x_wconf 85' lang='lat' dir='ltr'><strong>coli,</strong></span> <span class='ocrx_word' id='word_1_36' title='bbox 808 943 870 1004; x_wconf 90' lang='lat' dir='ltr'><strong>duo</strong></span> <span class='ocrx_word' id='word_1_37' title='bbox 902 965 964 1004; x_wconf 90' lang='lat' dir='ltr'><strong>esse</strong></span> <span class='ocrx_word' id='word_1_38' title='bbox 998 939 1172 1026; x_wconf 76' lang='lat' dir='ltr'><strong>praetoria,</strong></span> <span class='ocrx_word' id='word_1_39' title='bbox 1194 933 1299 1020; x_wconf 75' lang='lat' dir='ltr'><strong>per-5</strong></span> 
     </span>
     <span class='ocr_line' id='line_1_7' title="bbox 227 1048 1267 1134; baseline -0.002 -24"><span class='ocrx_word' id='word_1_40' title='bbox 227 1048 378 1111; x_wconf 87' lang='lat' dir='ltr'><strong>vicacibus</strong></span> <span class='ocrx_word' id='word_1_41' title='bbox 400 1055 494 1134; x_wconf 83' lang='lat' dir='ltr'><strong>magis</strong></span> <span class='ocrx_word' id='word_1_42' title='bbox 508 1065 538 1114; x_wconf 91' lang='lat' dir='ltr'><strong>et</strong></span> <span class='ocrx_word' id='word_1_43' title='bbox 559 1054 775 1134; x_wconf 80' lang='lat' dir='ltr'><strong>impotentibus</strong></span> <span class='ocrx_word' id='word_1_44' title='bbox 796 1055 958 1114; x_wconf 84' lang='lat' dir='ltr'><strong>mulierum</strong></span> <span class='ocrx_word' id='word_1_45' title='bbox 979 1051 1077 1123; x_wconf 89' lang='lat' dir='ltr'><strong>iussis,</strong></span> <span class='ocrx_word' id='word_1_46' title='bbox 1100 1071 1180 1132; x_wconf 88' lang='lat' dir='ltr'><strong>qnae</strong></span> <span class='ocrx_word' id='word_1_47' title='bbox 1203 1048 1267 1129; x_wconf 90' lang='lat' dir='ltr'><strong>Op-</strong></span> 
     </span>
     <span class='ocr_line' id='line_1_8' title="bbox 225 1155 1267 1242; baseline -0.003 -23"><span class='ocrx_word' id='word_1_48' title='bbox 225 1159 281 1242; x_wconf 92' lang='lat' dir='ltr'><strong>piis</strong></span> <span class='ocrx_word' id='word_1_49' title='bbox 304 1155 457 1241; x_wconf 85' lang='lat' dir='ltr'><strong>quondam</strong></span> <span class='ocrx_word' id='word_1_50' title='bbox 478 1157 605 1242; x_wconf 87' lang='lat' dir='ltr'><strong>aliisque</strong></span> <span class='ocrx_word' id='word_1_51' title='bbox 628 1159 746 1242; x_wconf 86' lang='lat' dir='ltr'><strong>legibus</strong></span> <span class='ocrx_word' id='word_1_52' title='bbox 767 1161 965 1233; x_wconf 81' lang='lat' dir='ltr'><strong>constrictae,</strong></span> <span class='ocrx_word' id='word_1_53' title='bbox 989 1177 1071 1219; x_wconf 90' lang='lat' dir='ltr'><strong>nunc</strong></span> <span class='ocrx_word' id='word_1_54' title='bbox 1091 1156 1200 1220; x_wconf 86' lang='lat' dir='ltr'><strong>vinclis</strong></span> <span class='ocrx_word' id='word_1_55' title='bbox 1222 1177 1267 1216; x_wconf 83' lang='lat' dir='ltr'><strong>ex·</strong></span> 
     </span>
     <span class='ocr_line' id='line_1_9' title="bbox 224 1262 1318 1351; baseline -0.006 -23"><span class='ocrx_word' id='word_1_56' title='bbox 224 1265 330 1328; x_wconf 84' lang='lat' dir='ltr'><strong>solutis</strong></span> <span class='ocrx_word' id='word_1_57' title='bbox 351 1265 456 1329; x_wconf 92' lang='lat' dir='ltr'><strong>domos</strong></span> <span class='ocrx_word' id='word_1_58' title='bbox 482 1269 548 1329; x_wconf 86' lang='lat' dir='ltr'><strong>fora</strong></span> <span class='ocrx_word' id='word_1_59' title='bbox 576 1271 691 1328; x_wconf 87' lang='lat' dir='ltr'><strong>iamet</strong></span> <span class='ocrx_word' id='word_1_60' title='bbox 722 1271 870 1330; x_wconf 84' lang='lat' dir='ltr'><strong>exercitus</strong></span> <span class='ocrx_word' id='word_1_61' title='bbox 897 1279 1044 1351; x_wconf 81' lang='lat' dir='ltr'><strong>regerent.</strong></span> <span class='ocrx_word' id='word_1_62' title='bbox 1088 1262 1318 1346; x_wconf 69' lang='lat' dir='ltr'><strong>Paucoru11134</strong></span> 
     </span>
    </p>
   </div>
   <div class='ocr_carea' id='block_1_3' title="bbox 164 1363 1362 4042">
    <p class='ocr_par' dir='ltr' id='par_1_3' title="bbox 224 1363 1362 2533">
     <span class='ocr_line' id='line_1_10' title="bbox 224 1363 1261 1461; baseline -0.006 -23"><span class='ocrx_word' id='word_1_63' title='bbox 224 1376 301 1440; x_wconf 87' lang='lat' dir='ltr'><strong>haec</strong></span> <span class='ocrx_word' id='word_1_64' title='bbox 321 1394 441 1439; x_wconf 87' lang='lat' dir='ltr'><strong>assensu</strong></span> <span class='ocrx_word' id='word_1_65' title='bbox 469 1375 593 1438; x_wconf 81' lang='lat' dir='ltr'><strong>auditas</strong></span> <span class='ocrx_word' id='word_1_66' title='bbox 625 1376 730 1459; x_wconf 87' lang='lat' dir='ltr'><strong>plures</strong></span> <span class='ocrx_word' id='word_1_67' title='bbox 759 1377 965 1461; x_wconf 74' lang='lat' dir='ltr'><strong>obturbabant</strong></span> <span class='ocrx_word' id='word_1_68' title='bbox 996 1363 1095 1458; x_wconf 83' lang='lat' dir='ltr'><strong>neque</strong></span> <span class='ocrx_word' id='word_1_69' title='bbox 1130 1376 1261 1436; x_wconf 88' lang='lat' dir='ltr'><strong>relatum</strong></span> 
     </span>
     <span class='ocr_line' id='line_1_11' title="bbox 225 1465 1316 1578; baseline 0.005 -35"><span class='ocrx_word' id='word_1_70' title='bbox 225 1465 263 1544; x_wconf 83' lang='lat' dir='ltr'><strong>de</strong></span> <span class='ocrx_word' id='word_1_71' title='bbox 282 1481 403 1566; x_wconf 83' lang='lat' dir='ltr'><strong>negotio</strong></span> <span class='ocrx_word' id='word_1_72' title='bbox 430 1504 527 1565; x_wconf 91' lang='lat' dir='ltr'><strong>neque</strong></span> <span class='ocrx_word' id='word_1_73' title='bbox 548 1483 710 1554; x_wconf 73' lang='lat' dir='ltr'><strong>Caecinam</strong></span> <span class='ocrx_word' id='word_1_74' title='bbox 738 1483 862 1566; x_wconf 84' lang='lat' dir='ltr'><strong>dignum</strong></span> <span class='ocrx_word' id='word_1_75' title='bbox 894 1495 997 1544; x_wconf 87' lang='lat' dir='ltr'><strong>tantae</strong></span> <span class='ocrx_word' id='word_1_76' title='bbox 1023 1489 1074 1578; x_wconf 80' lang='lat' dir='ltr'><strong>rei¹</strong></span> <span class='ocrx_word' id='word_1_77' title='bbox 1097 1495 1264 1549; x_wconf 75' lang='lat' dir='ltr'><strong>censorem.</strong></span> <span class='ocrx_word' id='word_1_78' title='bbox 1283 1499 1316 1549; x_wconf 65' lang='lat'><strong>10</strong></span> 
     </span>
     <span class='ocr_line' id='line_1_12' title="bbox 225 1585 1263 1678; baseline -0.003 -21"><span class='ocrx_word' id='word_1_79' title='bbox 225 1585 297 1657; x_wconf 81' lang='lat' dir='ltr'><strong>Mos</strong></span> <span class='ocrx_word' id='word_1_80' title='bbox 326 1593 472 1657; x_wconf 77' lang='lat' dir='ltr'><strong>Valerius</strong></span> <span class='ocrx_word' id='word_1_81' title='bbox 502 1591 692 1672; x_wconf 78' lang='lat' dir='ltr'><strong>Messalinus,</strong></span> <span class='ocrx_word' id='word_1_82' title='bbox 728 1595 775 1654; x_wconf 90' lang='lat' dir='ltr'><strong>cui</strong></span> <span class='ocrx_word' id='word_1_83' title='bbox 809 1616 921 1675; x_wconf 86' lang='lat' dir='ltr'><strong>parens</strong></span> <span class='ocrx_word' id='word_1_84' title='bbox 949 1595 1076 1656; x_wconf 82' lang='lat' dir='ltr'><strong>Messala</strong></span> <span class='ocrx_word' id='word_1_85' title='bbox 1103 1595 1263 1678; x_wconf 87' lang='lat' dir='ltr'><strong>ineratque</strong></span> 
     </span>
     <span class='ocr_line' id='line_1_13' title="bbox 226 1703 1268 1788; baseline -0.004 -22"><span class='ocrx_word' id='word_1_86' title='bbox 226 1705 326 1788; x_wconf 83' lang='lat' dir='ltr'><strong>imago</strong></span> <span class='ocrx_word' id='word_1_87' title='bbox 342 1717 490 1788; x_wconf 83' lang='lat' dir='ltr'><strong>paternae</strong></span> <span class='ocrx_word' id='word_1_88' title='bbox 508 1705 676 1780; x_wconf 78' lang='lat' dir='ltr'><strong>facundiae,</strong></span> <span class='ocrx_word' id='word_1_89' title='bbox 697 1703 852 1785; x_wconf 86' lang='lat' dir='ltr'><strong>respondit</strong></span> <span class='ocrx_word' id='word_1_90' title='bbox 873 1704 970 1766; x_wconf 90' lang='lat' dir='ltr'><strong>multa</strong></span> <span class='ocrx_word' id='word_1_91' title='bbox 990 1703 1103 1764; x_wconf 83' lang='lat' dir='ltr'><strong>duritie</strong></span> <span class='ocrx_word' id='word_1_92' title='bbox 1127 1714 1268 1763; x_wconf 86' lang='lat' dir='ltr'><strong>veterum</strong></span> 
     </span>
     <span class='ocr_line' id='line_1_14' title="bbox 227 1807 1267 1891; baseline -0.002 -21"><span class='ocrx_word' id='word_1_93' title='bbox 227 1807 336 1872; x_wconf 85' lang='lat' dir='ltr'><strong>melius</strong></span> <span class='ocrx_word' id='word_1_94' title='bbox 359 1820 389 1870; x_wconf 85' lang='lat' dir='ltr'><strong>et</strong></span> <span class='ocrx_word' id='word_1_95' title='bbox 410 1808 517 1872; x_wconf 86' lang='lat' dir='ltr'><strong>laetius</strong></span> <span class='ocrx_word' id='word_1_96' title='bbox 537 1820 673 1872; x_wconf 84' lang='lat' dir='ltr'><strong>mutata:</strong></span> <span class='ocrx_word' id='word_1_97' title='bbox 698 1810 926 1891; x_wconf 88' lang='lat' dir='ltr'><strong>nequeenim,</strong></span> <span class='ocrx_word' id='word_1_98' title='bbox 949 1821 982 1872; x_wconf 90' lang='lat' dir='ltr'><strong>ut</strong></span> <span class='ocrx_word' id='word_1_99' title='bbox 1010 1812 1100 1886; x_wconf 89' lang='lat' dir='ltr'><strong>olim,</strong></span> <span class='ocrx_word' id='word_1_100' title='bbox 1133 1807 1267 1886; x_wconf 85' lang='lat' dir='ltr'><strong>obsideri</strong></span> 
     </span>
     <span class='ocr_line' id='line_1_15' title="bbox 227 1915 1268 2000; baseline -0.001 -23"><span class='ocrx_word' id='word_1_101' title='bbox 227 1915 337 1980; x_wconf 84' lang='lat' dir='ltr'><strong>urbem</strong></span> <span class='ocrx_word' id='word_1_102' title='bbox 359 1916 446 1981; x_wconf 89' lang='lat' dir='ltr'><strong>bellis</strong></span> <span class='ocrx_word' id='word_1_103' title='bbox 465 1930 518 1978; x_wconf 88' lang='lat' dir='ltr'><strong>aut</strong></span> <span class='ocrx_word' id='word_1_104' title='bbox 539 1919 708 1999; x_wconf 81' lang='lat' dir='ltr'><strong>provincias</strong></span> <span class='ocrx_word' id='word_1_105' title='bbox 730 1917 850 1980; x_wconf 86' lang='lat' dir='ltr'><strong>hostilis</strong></span> <span class='ocrx_word' id='word_1_106' title='bbox 875 1935 946 1981; x_wconf 85' lang='lat' dir='ltr'><strong>esse.</strong></span> <span class='ocrx_word' id='word_1_107' title='bbox 990 1918 1032 1978; x_wconf 86' lang='lat' dir='ltr'><strong>Et</strong></span> <span class='ocrx_word' id='word_1_108' title='bbox 1047 1915 1159 2000; x_wconf 35' lang='lat' dir='ltr'><strong>‘pinca</strong></span> <span class='ocrx_word' id='word_1_109' title='bbox 1181 1915 1268 1976; x_wconf 85' lang='lat' dir='ltr'><strong>femi·</strong></span> 
     </span>
     <span class='ocr_line' id='line_1_16' title="bbox 227 2020 1362 2108; baseline -0.004 -21"><span class='ocrx_word' id='word_1_110' title='bbox 227 2045 336 2087; x_wconf 88' lang='lat' dir='ltr'><strong>narum</strong></span> <span class='ocrx_word' id='word_1_111' title='bbox 352 2028 581 2088; x_wconf 88' lang='lat' dir='ltr'><strong>necessitatibus</strong></span> <span class='ocrx_word' id='word_1_112' title='bbox 604 2023 753 2095; x_wconf 89' lang='lat' dir='ltr'><strong>concedi,</strong></span> <span class='ocrx_word' id='word_1_113' title='bbox 778 2046 857 2108; x_wconf 86' lang='lat' dir='ltr'><strong>quae</strong></span> <span class='ocrx_word' id='word_1_114' title='bbox 883 2045 924 2083; x_wconf 90' lang='lat' dir='ltr'><strong>ne</strong></span> <span class='ocrx_word' id='word_1_115' title='bbox 945 2025 1108 2107; x_wconf 80' lang='lat' dir='ltr'><strong>coniugum</strong></span> <span class='ocrx_word' id='word_1_116' title='bbox 1139 2025 1263 2107; x_wconf 87' lang='lat' dir='ltr'><strong>quidem</strong></span> <span class='ocrx_word' id='word_1_117' title='bbox 1289 2020 1323 2083; x_wconf 84' lang='lat'><strong>15</strong></span> <span class='ocrx_word' id='word_1_118' title='bbox 1358 2035 1362 2044; x_wconf 74' lang='lat'>‘</span> 
     </span>
     <span class='ocr_line' id='line_1_17' title="bbox 227 2124 1270 2215; baseline -0.001 -22"><span class='ocrx_word' id='word_1_119' title='bbox 227 2139 370 2215; x_wconf 84' lang='lat' dir='ltr'><strong>penates,</strong></span> <span class='ocrx_word' id='word_1_120' title='bbox 403 2131 479 2192; x_wconf 86' lang='lat' dir='ltr'><strong>adeo</strong></span> <span class='ocrx_word' id='word_1_121' title='bbox 500 2124 597 2192; x_wconf 82' lang='lat' dir='ltr'><strong>socios</strong></span> <span class='ocrx_word' id='word_1_122' title='bbox 621 2151 683 2190; x_wconf 92' lang='lat' dir='ltr'><strong>non</strong></span> <span class='ocrx_word' id='word_1_123' title='bbox 705 2144 851 2206; x_wconf 85' lang='lat' dir='ltr'><strong>onerent,</strong></span> <span class='ocrx_word' id='word_1_124' title='bbox 883 2140 982 2190; x_wconf 87' lang='lat' dir='ltr'><strong>cetera</strong></span> <span class='ocrx_word' id='word_1_125' title='bbox 1005 2135 1180 2212; x_wconf 85' lang='lat' dir='ltr'><strong>promiscua</strong></span> <span class='ocrx_word' id='word_1_126' title='bbox 1201 2154 1270 2192; x_wconf 86' lang='lat' dir='ltr'><strong>cum</strong></span> 
     </span>
     <span class='ocr_line' id='line_1_18' title="bbox 228 2233 1271 2320; baseline -0.003 -18"><span class='ocrx_word' id='word_1_127' title='bbox 228 2238 366 2316; x_wconf 87' lang='lat' dir='ltr'><strong>marito,</strong></span> <span class='ocrx_word' id='word_1_128' title='bbox 389 2257 445 2298; x_wconf 87' lang='lat' dir='ltr'><strong>nec</strong></span> <span class='ocrx_word' id='word_1_129' title='bbox 466 2234 564 2297; x_wconf 89' lang='lat' dir='ltr'><strong>ullum</strong></span> <span class='ocrx_word' id='word_1_130' title='bbox 583 2240 614 2296; x_wconf 92' lang='lat' dir='ltr'><strong>in</strong></span> <span class='ocrx_word' id='word_1_131' title='bbox 638 2255 674 2296; x_wconf 88' lang='lat' dir='ltr'><strong>eo</strong></span> <span class='ocrx_word' id='word_1_132' title='bbox 696 2235 778 2316; x_wconf 87' lang='lat' dir='ltr'><strong>pacis</strong></span> <span class='ocrx_word' id='word_1_133' title='bbox 800 2233 1061 2316; x_wconf 86' lang='lat' dir='ltr'><strong>impedimentum.</strong></span> <span class='ocrx_word' id='word_1_134' title='bbox 1106 2237 1190 2300; x_wconf 90' lang='lat' dir='ltr'><strong>Bella</strong></span> <span class='ocrx_word' id='word_1_135' title='bbox 1206 2238 1271 2320; x_wconf 89' lang='lat' dir='ltr'><strong>pla·</strong></span> 
     </span>
     <span class='ocr_line' id='line_1_19' title="bbox 230 2340 1273 2429; baseline 0 -21"><span class='ocrx_word' id='word_1_136' title='bbox 230 2365 269 2408; x_wconf 89' lang='lat' dir='ltr'><strong>ne</strong></span> <span class='ocrx_word' id='word_1_137' title='bbox 291 2345 432 2406; x_wconf 88' lang='lat' dir='ltr'><strong>accinctis</strong></span> <span class='ocrx_word' id='word_1_138' title='bbox 452 2343 614 2405; x_wconf 79' lang='lat' dir='ltr'><strong>obeundas</strong></span> <span class='ocrx_word' id='word_1_139' title='bbox 640 2340 691 2402; x_wconf 88' lang='lat' dir='ltr'><strong>sed</strong></span> <span class='ocrx_word' id='word_1_140' title='bbox 711 2341 933 2403; x_wconf 87' lang='lat' dir='ltr'><strong>revertentibus</strong></span> <span class='ocrx_word' id='word_1_141' title='bbox 953 2355 1020 2426; x_wconf 92' lang='lat' dir='ltr'><strong>post</strong></span> <span class='ocrx_word' id='word_1_142' title='bbox 1042 2341 1273 2429; x_wconf 66' lang='lat' dir='ltr'><strong>laboremquod</strong></span> 
     </span>
     <span class='ocr_line' id='line_1_20' title="bbox 230 2447 1272 2533; baseline -0.003 -17"><span class='ocrx_word' id='word_1_143' title='bbox 230 2455 384 2517; x_wconf 82' lang='lat' dir='ltr'><strong>honestius</strong></span> <span class='ocrx_word' id='word_1_144' title='bbox 404 2469 496 2533; x_wconf 88' lang='lat' dir='ltr'><strong>quam</strong></span> <span class='ocrx_word' id='word_1_145' title='bbox 518 2447 659 2510; x_wconf 86' lang='lat' dir='ltr'><strong>uxorium</strong></span> <span class='ocrx_word' id='word_1_146' title='bbox 680 2447 908 2511; x_wconf 71' lang='lat' dir='ltr'><strong>levamentum?</strong></span> <span class='ocrx_word' id='word_1_147' title='bbox 930 2452 971 2511; x_wconf 85' lang='lat' dir='ltr'><strong>At</strong></span> <span class='ocrx_word' id='word_1_148' title='bbox 991 2451 1137 2533; x_wconf 86' lang='lat' dir='ltr'><strong>quasdam</strong></span> <span class='ocrx_word' id='word_1_149' title='bbox 1154 2453 1183 2513; x_wconf 92' lang='lat' dir='ltr'><strong>in</strong></span> <span class='ocrx_word' id='word_1_150' title='bbox 1206 2474 1272 2514; x_wconf 86' lang='lat' dir='ltr'><strong>am·</strong></span> 
     </span>
    </p>

    <p class='ocr_par' dir='ltr' id='par_1_4' title="bbox 195 2553 1274 2998">
     <span class='ocr_line' id='line_1_21' title="bbox 195 2553 1272 2643; baseline -0.001 -21"><span class='ocrx_word' id='word_1_151' title='bbox 195 2553 197 2561; x_wconf 50' lang='lat'>¹</span> <span class='ocrx_word' id='word_1_152' title='bbox 230 2561 378 2624; x_wconf 89' lang='lat' dir='ltr'><strong>bitionem</strong></span> <span class='ocrx_word' id='word_1_153' title='bbox 399 2568 453 2620; x_wconf 90' lang='lat' dir='ltr'><strong>aut</strong></span> <span class='ocrx_word' id='word_1_154' title='bbox 474 2555 634 2618; x_wconf 85' lang='lat' dir='ltr'><strong>avaritiam</strong></span> <span class='ocrx_word' id='word_1_155' title='bbox 656 2556 820 2638; x_wconf 79' lang='lat' dir='ltr'><strong>prolapsas&#39;.</strong></span> <span class='ocrx_word' id='word_1_156' title='bbox 866 2559 979 2638; x_wconf 79' lang='lat' dir='ltr'><strong>Quid?</strong></span> <span class='ocrx_word' id='word_1_157' title='bbox 1012 2559 1147 2642; x_wconf 87' lang='lat' dir='ltr'><strong>ipsorum</strong></span> <span class='ocrx_word' id='word_1_158' title='bbox 1175 2555 1272 2643; x_wconf 68' lang='lat' dir='ltr'><strong>mag&#39;i·</strong></span> 
     </span>
     <span class='ocr_line' id='line_1_22' title="bbox 235 2711 1272 2804; baseline -0.006 -11"><span class='ocrx_word' id='word_1_159' title='bbox 235 2769 239 2781; x_wconf 51' lang='lat' dir='ltr'>x</span> <span class='ocrx_word' id='word_1_160' title='bbox 305 2755 345 2795; x_wconf 80' lang='lat' dir='ltr'><strong>sa.</strong></span> <span class='ocrx_word' id='word_1_161' title='bbox 364 2737 450 2789; x_wconf 83' lang='lat' dir='ltr'><strong>multa</strong></span> <span class='ocrx_word' id='word_1_162' title='bbox 468 2732 571 2788; x_wconf 82' lang='lat' dir='ltr'><strong>duritie</strong></span> <span class='ocrx_word' id='word_1_163' title='bbox 590 2711 712 2798; x_wconf 67' lang='lat' dir='ltr'><strong>retamim</strong></span> <span class='ocrx_word' id='word_1_164' title='bbox 731 2731 826 2786; x_wconf 81' lang='lat' dir='ltr'><strong>melius</strong></span> <span class='ocrx_word' id='word_1_165' title='bbox 848 2743 875 2786; x_wconf 86' lang='lat' dir='ltr'><strong>et</strong></span> <span class='ocrx_word' id='word_1_166' title='bbox 891 2733 994 2787; x_wconf 80' lang='lat' dir='ltr'><strong>laetius</strong></span> <span class='ocrx_word' id='word_1_167' title='bbox 1010 2731 1126 2804; x_wconf 82' lang='lat' dir='ltr'><strong>mutata]</strong></span> <span class='ocrx_word' id='word_1_168' title='bbox 1158 2733 1272 2787; x_wconf 85' lang='lat' dir='ltr'><strong>Notabis</strong></span> 
     </span>
     <span class='ocr_line' id='line_1_23' title="bbox 234 2827 1274 2902; baseline -0.004 -17"><span class='ocrx_word' id='word_1_169' title='bbox 234 2830 408 2902; x_wconf 81' lang='lat' dir='ltr'><strong>comparandi</strong></span> <span class='ocrx_word' id='word_1_170' title='bbox 430 2827 620 2896; x_wconf 80' lang='lat' dir='ltr'><strong>compendium</strong></span> <span class='ocrx_word' id='word_1_171' title='bbox 637 2837 665 2879; x_wconf 89' lang='lat' dir='ltr'><strong>et</strong></span> <span class='ocrx_word' id='word_1_172' title='bbox 681 2828 819 2880; x_wconf 83' lang='lat' dir='ltr'><strong>audaciam</strong></span> <span class='ocrx_word' id='word_1_173' title='bbox 831 2829 971 2896; x_wconf 84' lang='lat' dir='ltr'><strong>scriptoris</strong></span> <span class='ocrx_word' id='word_1_174' title='bbox 990 2828 1133 2881; x_wconf 87' lang='lat' dir='ltr'><strong>brevitatis</strong></span> <span class='ocrx_word' id='word_1_175' title='bbox 1149 2829 1274 2882; x_wconf 80' lang='lat' dir='ltr'><strong>studiosi.</strong></span> 
     </span>
     <span class='ocr_line' id='line_1_24' title="bbox 234 2909 1273 2998; baseline -0.001 -18"><span class='ocrx_word' id='word_1_176' title='bbox 234 2927 375 2980; x_wconf 85' lang='lat' dir='ltr'><strong>Sententia</strong></span> <span class='ocrx_word' id='word_1_177' title='bbox 391 2909 453 2975; x_wconf 80' lang='lat' dir='ltr'><strong>est:</strong></span> <span class='ocrx_word' id='word_1_178' title='bbox 471 2925 558 2977; x_wconf 80' lang='lat' dir='ltr'><strong>multa</strong></span> <span class='ocrx_word' id='word_1_179' title='bbox 576 2925 673 2977; x_wconf 83' lang='lat' dir='ltr'><strong>melius</strong></span> <span class='ocrx_word' id='word_1_180' title='bbox 700 2937 726 2978; x_wconf 83' lang='lat' dir='ltr'><strong>et</strong></span> <span class='ocrx_word' id='word_1_181' title='bbox 749 2925 849 2980; x_wconf 82' lang='lat' dir='ltr'><strong>laetius</strong></span> <span class='ocrx_word' id='word_1_182' title='bbox 867 2935 973 2978; x_wconf 83' lang='lat' dir='ltr'><strong>mutata</strong></span> <span class='ocrx_word' id='word_1_183' title='bbox 1003 2942 1076 2988; x_wconf 83' lang='lat' dir='ltr'><strong>esse,</strong></span> <span class='ocrx_word' id='word_1_184' title='bbox 1104 2942 1186 2998; x_wconf 85' lang='lat' dir='ltr'><strong>quam</strong></span> <span class='ocrx_word' id='word_1_185' title='bbox 1203 2945 1273 2998; x_wconf 85' lang='lat' dir='ltr'><strong>pro·</strong></span> 
     </span>
    </p>

    <p class='ocr_par' dir='ltr' id='par_1_5' title="bbox 193 3017 1275 3379">
     <span class='ocr_line' id='line_1_25' title="bbox 193 3017 1273 3100; baseline -0.004 -24"><span class='ocrx_word' id='word_1_186' title='bbox 193 3092 198 3100; x_wconf 20' lang='lat' dir='ltr'>K</span> <span class='ocrx_word' id='word_1_187' title='bbox 234 3021 325 3076; x_wconf 77' lang='lat' dir='ltr'><strong>batum</strong></span> <span class='ocrx_word' id='word_1_188' title='bbox 344 3023 437 3090; x_wconf 81' lang='lat' dir='ltr'><strong>suerit</strong></span> <span class='ocrx_word' id='word_1_189' title='bbox 462 3017 540 3072; x_wconf 80' lang='lat' dir='ltr'><strong>duris</strong></span> <span class='ocrx_word' id='word_1_190' title='bbox 557 3031 681 3071; x_wconf 83' lang='lat' dir='ltr'><strong>veterum</strong></span> <span class='ocrx_word' id='word_1_191' title='bbox 710 3019 838 3072; x_wconf 78' lang='lat' dir='ltr'><strong>moribus.</strong></span> <span class='ocrx_word' id='word_1_192' title='bbox 884 3018 1012 3070; x_wconf 84' lang='lat' dir='ltr'><strong>Ceterum</strong></span> <span class='ocrx_word' id='word_1_193' title='bbox 1034 3037 1089 3074; x_wconf 90' lang='lat' dir='ltr'><strong>non</strong></span> <span class='ocrx_word' id='word_1_194' title='bbox 1118 3020 1273 3072; x_wconf 82' lang='lat' dir='ltr'><strong>mirandum</strong></span> 
     </span>
     <span class='ocr_line' id='line_1_26' title="bbox 235 3113 1271 3192; baseline 0 -22"><span class='ocrx_word' id='word_1_195' title='bbox 235 3118 311 3192; x_wconf 87' lang='lat' dir='ltr'><strong>quod</strong></span> <span class='ocrx_word' id='word_1_196' title='bbox 329 3115 438 3169; x_wconf 88' lang='lat' dir='ltr'><strong>Tacitus</strong></span> <span class='ocrx_word' id='word_1_197' title='bbox 456 3115 523 3166; x_wconf 83' lang='lat' dir='ltr'><strong>alibi</strong></span> <span class='ocrx_word' id='word_1_198' title='bbox 543 3113 650 3168; x_wconf 83' lang='lat' dir='ltr'><strong>duritia</strong></span> <span class='ocrx_word' id='word_1_199' title='bbox 675 3124 702 3168; x_wconf 84' lang='lat' dir='ltr'><strong>et</strong></span> <span class='ocrx_word' id='word_1_200' title='bbox 725 3114 846 3170; x_wconf 82' lang='lat' dir='ltr'><strong>duritiae</strong></span> <span class='ocrx_word' id='word_1_201' title='bbox 870 3115 916 3186; x_wconf 83' lang='lat' dir='ltr'><strong>(i,</strong></span> <span class='ocrx_word' id='word_1_202' title='bbox 937 3117 977 3170; x_wconf 78' lang='grc'><strong>35.</strong></span> <span class='ocrx_word' id='word_1_203' title='bbox 998 3117 1052 3175; x_wconf 80' lang='lat' dir='ltr'><strong>vl.</strong></span> <span class='ocrx_word' id='word_1_204' title='bbox 1074 3115 1128 3190; x_wconf 67' lang='grc'><strong>34)</strong></span> <span class='ocrx_word' id='word_1_205' title='bbox 1147 3119 1271 3186; x_wconf 82' lang='lat' dir='ltr'><strong>scripsit,</strong></span> 
     </span>
     <span class='ocr_line' id='line_1_27' title="bbox 234 3195 1273 3285; baseline 0.002 -24"><span class='ocrx_word' id='word_1_206' title='bbox 234 3209 287 3261; x_wconf 87' lang='lat' dir='ltr'><strong>bec</strong></span> <span class='ocrx_word' id='word_1_207' title='bbox 305 3214 397 3260; x_wconf 88' lang='lat' dir='ltr'><strong>autem</strong></span> <span class='ocrx_word' id='word_1_208' title='bbox 414 3208 474 3260; x_wconf 91' lang='lat' dir='ltr'><strong>loco</strong></span> <span class='ocrx_word' id='word_1_209' title='bbox 492 3205 610 3261; x_wconf 82' lang='lat' dir='ltr'><strong>duritie:</strong></span> <span class='ocrx_word' id='word_1_210' title='bbox 632 3195 697 3259; x_wconf 71' lang='lat' dir='ltr'><strong>nam</strong></span> <span class='ocrx_word' id='word_1_211' title='bbox 713 3209 829 3276; x_wconf 86' lang='lat' dir='ltr'><strong>primum</strong></span> <span class='ocrx_word' id='word_1_212' title='bbox 849 3207 934 3260; x_wconf 80' lang='lat' dir='ltr'><strong>forma</strong></span> <span class='ocrx_word' id='word_1_213' title='bbox 946 3209 1085 3280; x_wconf 50' lang='lat' dir='ltr'><strong>*eligenda</strong></span> <span class='ocrx_word' id='word_1_214' title='bbox 1107 3220 1181 3273; x_wconf 85' lang='lat' dir='ltr'><strong>erat,</strong></span> <span class='ocrx_word' id='word_1_215' title='bbox 1203 3231 1273 3285; x_wconf 69' lang='lat' dir='ltr'><strong>quise</strong></span> 
     </span>
     <span class='ocr_line' id='line_1_28' title="bbox 237 3301 1275 3379; baseline 0.005 -24"><span class='ocrx_word' id='word_1_216' title='bbox 237 3319 287 3376; x_wconf 89' lang='lat' dir='ltr'><strong>pro</strong></span> <span class='ocrx_word' id='word_1_217' title='bbox 317 3301 437 3354; x_wconf 82' lang='lat' dir='ltr'><strong>ablativo</strong></span> <span class='ocrx_word' id='word_1_218' title='bbox 466 3301 547 3353; x_wconf 86' lang='lat' dir='ltr'><strong>facile</strong></span> <span class='ocrx_word' id='word_1_219' title='bbox 574 3310 783 3379; x_wconf 76' lang='lat' dir='ltr'><strong>agnosceretur,</strong></span> <span class='ocrx_word' id='word_1_220' title='bbox 815 3311 871 3353; x_wconf 87' lang='lat' dir='ltr'><strong>tum</strong></span> <span class='ocrx_word' id='word_1_221' title='bbox 897 3320 961 3356; x_wconf 86' lang='lat' dir='ltr'><strong>vero</strong></span> <span class='ocrx_word' id='word_1_222' title='bbox 985 3306 1029 3356; x_wconf 84' lang='lat' dir='ltr'><strong>vel</strong></span> <span class='ocrx_word' id='word_1_223' title='bbox 1054 3305 1113 3355; x_wconf 88' lang='lat' dir='ltr'><strong>sine</strong></span> <span class='ocrx_word' id='word_1_224' title='bbox 1140 3306 1275 3360; x_wconf 85' lang='lat' dir='ltr'><strong>eiusmodi</strong></span> 
     </span>
    </p>

    <p class='ocr_par' dir='ltr' id='par_1_6' title="bbox 164 3385 1307 3562">
     <span class='ocr_line' id='line_1_29' title="bbox 173 3385 1275 3477; baseline 0.002 -27"><span class='ocrx_word' id='word_1_225' title='bbox 173 3409 182 3477; x_wconf 15' lang='grc' dir='ltr'><strong>Χ,</strong></span> <span class='ocrx_word' id='word_1_226' title='bbox 204 3421 208 3426; x_wconf 91' lang='lat'>·</span> <span class='ocrx_word' id='word_1_227' title='bbox 239 3417 320 3450; x_wconf 78' lang='lat' dir='ltr'><strong>causa</strong></span> <span class='ocrx_word' id='word_1_228' title='bbox 338 3400 410 3449; x_wconf 88' lang='lat' dir='ltr'><strong>inter</strong></span> <span class='ocrx_word' id='word_1_229' title='bbox 431 3396 527 3448; x_wconf 84' lang='lat' dir='ltr'><strong>formas</strong></span> <span class='ocrx_word' id='word_1_230' title='bbox 547 3397 577 3447; x_wconf 89' lang='lat' dir='ltr'><strong>in</strong></span> <span class='ocrx_word' id='word_1_231' title='bbox 596 3415 611 3447; x_wconf 88' lang='grc' dir='ltr'>ι</span> <span class='ocrx_word' id='word_1_232' title='bbox 630 3406 658 3450; x_wconf 90' lang='lat' dir='ltr'><strong>et</strong></span> <span class='ocrx_word' id='word_1_233' title='bbox 678 3385 716 3450; x_wconf 66' lang='grc' dir='ltr'><strong>ὀἷ</strong></span> <span class='ocrx_word' id='word_1_234' title='bbox 739 3397 895 3450; x_wconf 84' lang='lat' dir='ltr'><strong>desinentes</strong></span> <span class='ocrx_word' id='word_1_235' title='bbox 920 3399 1032 3450; x_wconf 85' lang='lat' dir='ltr'><strong>Tacitus</strong></span> <span class='ocrx_word' id='word_1_236' title='bbox 1058 3400 1189 3450; x_wconf 87' lang='lat' dir='ltr'><strong>fluctuare</strong></span> <span class='ocrx_word' id='word_1_237' title='bbox 1216 3419 1275 3453; x_wconf 89' lang='lat' dir='ltr'><strong>cum</strong></span> 
     </span>
     <span class='ocr_line' id='line_1_30' title="bbox 164 3475 1307 3562; baseline 0.007 -20"><span class='ocrx_word' id='word_1_238' title='bbox 164 3521 169 3542; x_wconf 77' lang='lat' dir='ltr'><strong>t</strong></span> <span class='ocrx_word' id='word_1_239' title='bbox 239 3496 301 3548; x_wconf 81' lang='lat' dir='ltr'><strong>aliis</strong></span> <span class='ocrx_word' id='word_1_240' title='bbox 319 3475 497 3562; x_wconf 76' lang='lat' dir='ltr'><strong>scriptoribus</strong></span> <span class='ocrx_word' id='word_1_241' title='bbox 508 3476 599 3558; x_wconf 61' lang='lat' dir='ltr'><strong>solet,</strong></span> <span class='ocrx_word' id='word_1_242' title='bbox 618 3497 655 3546; x_wconf 86' lang='lat' dir='ltr'><strong>ita</strong></span> <span class='ocrx_word' id='word_1_243' title='bbox 679 3499 797 3548; x_wconf 82' lang='lat' dir='ltr'><strong>materia</strong></span> <span class='ocrx_word' id='word_1_244' title='bbox 819 3496 911 3562; x_wconf 86' lang='lat' dir='ltr'><strong>posuit</strong></span> <span class='ocrx_word' id='word_1_245' title='bbox 933 3496 985 3559; x_wconf 80' lang='lat' dir='ltr'><strong>xl,</strong></span> <span class='ocrx_word' id='word_1_246' title='bbox 1014 3499 1028 3548; x_wconf 88' lang='lat'><strong>5</strong></span> <span class='ocrx_word' id='word_1_247' title='bbox 1061 3497 1161 3548; x_wconf 76' lang='lat' dir='ltr'><strong>Histoi.</strong></span> <span class='ocrx_word' id='word_1_248' title='bbox 1182 3498 1208 3559; x_wconf 91' lang='lat'><strong>1,</strong></span> <span class='ocrx_word' id='word_1_249' title='bbox 1235 3499 1276 3550; x_wconf 83' lang='lat'><strong>66.</strong></span> <span class='ocrx_word' id='word_1_250' title='bbox 1303 3508 1307 3516; x_wconf 92' lang='grc'><strong>’</strong></span> 
     </span>
    </p>

    <p class='ocr_par' dir='ltr' id='par_1_7' title="bbox 239 3589 1276 3656">
     <span class='ocr_line' id='line_1_31' title="bbox 239 3589 1276 3656; baseline -0.002 -16"><span class='ocrx_word' id='word_1_251' title='bbox 239 3591 283 3651; x_wconf 87' lang='lat'><strong>11,</strong></span> <span class='ocrx_word' id='word_1_252' title='bbox 306 3607 344 3651; x_wconf 74' lang='grc'><strong>1.,</strong></span> <span class='ocrx_word' id='word_1_253' title='bbox 366 3589 504 3640; x_wconf 82' lang='lat' dir='ltr'><strong>materies.</strong></span> <span class='ocrx_word' id='word_1_254' title='bbox 517 3589 544 3650; x_wconf 91' lang='lat'><strong>1,</strong></span> <span class='ocrx_word' id='word_1_255' title='bbox 568 3592 606 3642; x_wconf 74' lang='lat'><strong>36.</strong></span> <span class='ocrx_word' id='word_1_256' title='bbox 630 3591 670 3656; x_wconf 75' lang='lat'><strong>76.</strong></span> <span class='ocrx_word' id='word_1_257' title='bbox 687 3590 784 3638; x_wconf 79' lang='lat' dir='ltr'><strong>Histor.</strong></span> <span class='ocrx_word' id='word_1_258' title='bbox 804 3589 831 3650; x_wconf 83' lang='lat' dir='ltr'><strong>l,</strong></span> <span class='ocrx_word' id='word_1_259' title='bbox 851 3591 908 3654; x_wconf 65' lang='lat' dir='ltr'><strong>sn,</strong></span> <span class='ocrx_word' id='word_1_260' title='bbox 923 3590 1041 3642; x_wconf 83' lang='lat' dir='ltr'><strong>mollitia</strong></span> <span class='ocrx_word' id='word_1_261' title='bbox 1062 3590 1114 3652; x_wconf 86' lang='lat' dir='ltr'><strong>Xl,</strong></span> <span class='ocrx_word' id='word_1_262' title='bbox 1133 3609 1158 3643; x_wconf 78' lang='lat' dir='ltr'><strong>a.</strong></span> <span class='ocrx_word' id='word_1_263' title='bbox 1177 3591 1276 3643; x_wconf 76' lang='lat' dir='ltr'><strong>Histoe.</strong></span> 
     </span>
    </p>

    <p class='ocr_par' dir='ltr' id='par_1_8' title="bbox 218 3683 1278 4042">
     <span class='ocr_line' id='line_1_32' title="bbox 218 3683 1278 3754; baseline 0.005 -20"><span class='ocrx_word' id='word_1_264' title='bbox 218 3711 221 3734; x_wconf 76' lang='grc' dir='ltr'>ι</span> <span class='ocrx_word' id='word_1_265' title='bbox 239 3683 272 3747; x_wconf 88' lang='lat'><strong>1,</strong></span> <span class='ocrx_word' id='word_1_266' title='bbox 294 3701 353 3753; x_wconf 57' lang='lat'><strong>79„</strong></span> <span class='ocrx_word' id='word_1_267' title='bbox 372 3683 502 3736; x_wconf 86' lang='lat' dir='ltr'><strong>mollities</strong></span> <span class='ocrx_word' id='word_1_268' title='bbox 520 3683 584 3746; x_wconf 85' lang='lat' dir='ltr'><strong>XII,</strong></span> <span class='ocrx_word' id='word_1_269' title='bbox 603 3685 644 3736; x_wconf 88' lang='grc'><strong>66.</strong></span> <span class='ocrx_word' id='word_1_270' title='bbox 681 3683 737 3751; x_wconf 85' lang='lat' dir='ltr'><strong>Qui</strong></span> <span class='ocrx_word' id='word_1_271' title='bbox 757 3683 844 3734; x_wconf 89' lang='lat' dir='ltr'><strong>locum</strong></span> <span class='ocrx_word' id='word_1_272' title='bbox 866 3683 1057 3735; x_wconf 87' lang='lat' dir='ltr'><strong>emendatione</strong></span> <span class='ocrx_word' id='word_1_273' title='bbox 1077 3685 1198 3754; x_wconf 80' lang='lat' dir='ltr'><strong>indigere</strong></span> <span class='ocrx_word' id='word_1_274' title='bbox 1216 3705 1278 3739; x_wconf 89' lang='lat' dir='ltr'><strong>cen·</strong></span> 
     </span>
     <span class='ocr_line' id='line_1_33' title="bbox 242 3774 1277 3846; baseline 0.002 -16"><span class='ocrx_word' id='word_1_275' title='bbox 242 3787 370 3842; x_wconf 86' lang='lat' dir='ltr'><strong>suerunt,</strong></span> <span class='ocrx_word' id='word_1_276' title='bbox 387 3781 416 3831; x_wconf 88' lang='lat' dir='ltr'><strong>in</strong></span> <span class='ocrx_word' id='word_1_277' title='bbox 441 3782 546 3832; x_wconf 85' lang='lat' dir='ltr'><strong>diversa</strong></span> <span class='ocrx_word' id='word_1_278' title='bbox 571 3774 716 3831; x_wconf 84' lang='lat' dir='ltr'><strong>abierunt:</strong></span> <span class='ocrx_word' id='word_1_279' title='bbox 746 3781 833 3833; x_wconf 83' lang='lat' dir='ltr'><strong>multa</strong></span> <span class='ocrx_word' id='word_1_280' title='bbox 860 3778 983 3835; x_wconf 83' lang='lat' dir='ltr'><strong>duritiae</strong></span> <span class='ocrx_word' id='word_1_281' title='bbox 1011 3779 1089 3832; x_wconf 85' lang='lat' dir='ltr'><strong>dedit</strong></span> <span class='ocrx_word' id='word_1_282' title='bbox 1115 3783 1277 3846; x_wconf 87' lang='lat' dir='ltr'><strong>Beroaldus,</strong></span> 
     </span>
     <span class='ocr_line' id='line_1_34' title="bbox 243 3873 1278 3938; baseline 0.002 -7"><span class='ocrx_word' id='word_1_283' title='bbox 243 3879 329 3931; x_wconf 83' lang='lat' dir='ltr'><strong>multa</strong></span> <span class='ocrx_word' id='word_1_284' title='bbox 348 3877 471 3930; x_wconf 79' lang='lat' dir='ltr'><strong>duritiae</strong></span> <span class='ocrx_word' id='word_1_285' title='bbox 499 3876 596 3928; x_wconf 77' lang='lat' dir='ltr'><strong>veteris</strong></span> <span class='ocrx_word' id='word_1_286' title='bbox 616 3874 738 3924; x_wconf 73' lang='lat' dir='ltr'><strong>Mirietns</strong></span> <span class='ocrx_word' id='word_1_287' title='bbox 758 3881 785 3922; x_wconf 81' lang='lat' dir='ltr'><strong>et</strong></span> <span class='ocrx_word' id='word_1_288' title='bbox 805 3873 960 3938; x_wconf 78' lang='lat' dir='ltr'><strong>Acidalius,</strong></span> <span class='ocrx_word' id='word_1_289' title='bbox 987 3879 1072 3928; x_wconf 77' lang='lat' dir='ltr'><strong>multa</strong></span> <span class='ocrx_word' id='word_1_290' title='bbox 1101 3875 1204 3931; x_wconf 82' lang='lat' dir='ltr'><strong>duritie</strong></span> <span class='ocrx_word' id='word_1_291' title='bbox 1235 3895 1278 3933; x_wconf 78' lang='lat' dir='ltr'><strong>vs·</strong></span> 
     </span>
     <span class='ocr_line' id='line_1_35' title="bbox 243 3953 1166 4042; baseline -0.002 -20"><span class='ocrx_word' id='word_1_292' title='bbox 243 3985 330 4024; x_wconf 82' lang='lat' dir='ltr'><strong>terum</strong></span> <span class='ocrx_word' id='word_1_293' title='bbox 350 3977 380 4025; x_wconf 83' lang='lat' dir='ltr'><strong>in</strong></span> <span class='ocrx_word' id='word_1_294' title='bbox 402 3973 497 4024; x_wconf 80' lang='lat' dir='ltr'><strong>melius</strong></span> <span class='ocrx_word' id='word_1_295' title='bbox 513 3953 677 4030; x_wconf 33' lang='lat' dir='ltr'><strong>*Ernestium</strong></span> <span class='ocrx_word' id='word_1_296' title='bbox 695 3965 796 4021; x_wconf 83' lang='lat' dir='ltr'><strong>du&#39;ritie</strong></span> <span class='ocrx_word' id='word_1_297' title='bbox 815 3969 951 4037; x_wconf 85' lang='lat' dir='ltr'><strong>accipiens</strong></span> <span class='ocrx_word' id='word_1_298' title='bbox 969 3987 1019 4040; x_wconf 87' lang='lat' dir='ltr'><strong>pro</strong></span> <span class='ocrx_word' id='word_1_299' title='bbox 1038 3975 1166 4042; x_wconf 77' lang='lat' dir='ltr'><strong>genitivo.</strong></span> 
     </span>
    </p>
   </div>
   <div class='ocr_carea' id='block_1_4' title="bbox 0 0 1430 4730">
    <p class='ocr_par' dir='ltr' id='par_1_9' title="bbox 0 0 1430 4730">
     <span class='ocr_line' id='line_1_36' title="bbox 0 0 1430 4730; baseline 0 0"><span class='ocrx_word' id='word_1_300' title='bbox 0 0 1430 4730; x_wconf 95' lang='lat' dir='ltr'><strong> </strong></span> 
     </span>
    </p>
   </div>
  </div>
 </body>
</html>
