2862 4730
173 247 183 256 ·
217 203 264 324 ,γὲ
645 249 860 314 annotinis
916 321 917 328 Ν

382 387 388 408 i

75 431 103 508 (i
117 437 147 494 C.
163 435 214 512 ιδ.)
225 433 425 494 Germaniam
439 431 635 514 praevehitur
648 431 779 509 ,idonee
800 432 924 492 Oceano
935 432 1116 494 miscentem:
1136 434 1177 496 ad
1190 436 1265 496 Gal·

222 541 313 604 licain
334 543 433 624 ripam
457 541 550 601 latior
571 549 601 600 et
635 540 786 623 placidior
806 542 931 602 affluens
953 562 1042 602 verso
1062 537 1264 622 cognomento

221 650 375 712 Vahalem
393 649 513 712 accolae
533 649 660 728 dieunt3
682 672 752 710 mox
772 651 803 712 id
825 672 948 734 quoque
970 648 1154 712 vocabulum
1166 661 1265 712 mutat

223 762 311 821 Mosa
332 757 476 836 lluminc,
510 762 634 842 eiusque
652 761 801 820 immenso
820 781 875 822 ore
894 759 1027 825 eundem
1049 763 1081 820 in
1104 759 1264 822 Oceanum

222 865 400 927 effunditur.
1281 875 1299 936 5
1404 907 1405 936 1

305 973 366 1036 Sed
395 973 525 1049 Caesar,
563 971 640 1035 dum
660 973 827 1056 adiguntur
856 994 972 1062 nares,
999 973 1108 1036 Silium
1129 974 1301 1058 legatum'l
1404 951 1405 982 ³

223 1107 293 1145 cum
313 1083 455 1166 expedita
478 1105 570 1144 manu
591 1083 799 1166 irruptionem
829 1085 861 1144 in
883 1079 1013 1144 Chattos*
1030 1084 1135 1145 lacere
1157 1083 1264 1144 iubet:

223 1194 287 1274 ipse
315 1191 420 1252 audito
440 1191 598 1254 castellum
622 1193 760 1274 Luppiae
781 1192 902 1254 flumini
922 1197 1093 1276 appositum
1114 1193 1265 1268 obsideri,

222 1322 273 1360 sex
296 1298 430 1383 legiones
450 1322 487 1362 eo
510 1301 609 1362 duxit.
653 1300 760 1382 Neque
780 1301 855 1362 Silio
879 1303 920 1362 ob
942 1301 1059 1362 subitos
1080 1302 1194 1362 imbres
1209 1301 1267 1362 ali·

223 1409 268 1470 ud
288 1418 394 1472 actum
422 1430 515 1490 quam
545 1419 579 1468 ut
600 1408 752 1470 modicam
781 1409 936 1493 praedam
958 1419 989 1470 et
1009 1410 1087 1491 Arpi
1122 1411 1313 1491 principissa
1406 1400 1407 1406 ἵ

226 1518 408 1579 Chattorum
430 1519 592 1598 coniugem
613 1515 768 1598 filiamque
789 1528 928 1600 raperet;
949 1538 1049 1599 neque
1070 1516 1192 1578 Caesari
1217 1539 1269 1579 co·
1324 1511 1329 1527 '

225 1630 309 1709 piam
329 1647 449 1709 pugnae
468 1625 641 1686 obsessores
660 1625 777 1701 fecere,
811 1625 850 1685 ad
880 1625 993 1686 famam
1023 1624 1173 1686 adventus
1204 1627 1269 1686 eius

205 1803 207 1815 Ι
226 1734 348 1818 dilapsi.
392 1710 560 1795 'l'uinulum
579 1745 681 1794 tamen
700 1755 799 1816 nuper
820 1734 962 1796 Varianis
983 1731 1155 1814 legionibus
1167 1743 1268 1792 struc-

224 1855 293 1904 tum
314 1853 344 1905 et
364 1853 502 1904 veterem
521 1863 607 1924 arans
628 1843 731 1902 Druso
755 1843 845 1902 sitam
874 1841 1071 1902 disiecerant.
1127 1839 1271 1930 Restituit

227 1973 313 2014 arem
325 1999 334 2029 ,
364 1951 536 2032 honorique
557 1950 653 2030 patris
674 1951 817 2031 princeps
837 1951 901 2030 ipse
923 1971 994 2008 eum
1019 1947 1189 2030 legionibus
1213 1948 1267 2008 de·
1280 1943 1315 2008 15

140 2127 144 2136 ,
227 2061 379 2124 cucurritt
413 2058 568 2120 tumulum
590 2059 703 2119 iterare
724 2057 808 2117 houd
831 2059 941 2122 visum.
998 2057 1040 2118 Et
1059 2067 1170 2118 cuncta
1188 2057 1270 2118 inter
1307 2049 1312 2066 ’

226 2165 387 2228 castellum
409 2166 569 2251 Alisonem
588 2185 625 2226 ao
645 2163 788 2226 Rhenum
807 2167 896 2226 novis
922 2164 1071 2226 limitibus
1089 2167 1270 2248 aggeribus-

227 2295 288 2357 que
309 2275 494 2358 permunita.

310 2385 435 2467 Iamque
453 2383 555 2448 classis
578 2383 763 2460 advenerat,
796 2403 868 2443 eum
899 2385 1068 2466 praemisso
1095 2391 1308 2471 commeatug

315 2663 340 2714 3.
360 2661 509 2714 vahalaem
526 2660 569 2723 M3
591 2658 711 2710 correxit
729 2657 886 2712 Beroaldus.
967 2721 972 2732 .

314 2743 341 2828 7¹.
361 2757 457 2812 charos
475 2762 504 2807 et
526 2772 564 2808 ss.
582 2753 724 2806 tholorum
742 2753 781 2814 hl,

301 2871 344 2910 ss.
361 2868 513 2925 opsessores
522 2852 625 2924 secere
645 2851 684 2907 Μ.

301 2966 341 3017 ¹7·
359 2947 512 3002 Castellum
531 2946 607 3000 Aliso
625 2963 640 2996 a
660 2946 748 2998 Druso
767 2946 798 3000 in
818 2946 961 3001 conflastis
979 2947 1100 3000 Alisonis
1119 2959 1148 3002 et
1165 2948 1271 3019 happi-

230 3061 263 3096 se
281 3047 401 3114 positum
431 3039 475 3110 (cl.
494 3043 546 3094 Dio
572 3041 651 3106 LIV,
677 3045 736 3110 33.)
760 3049 822 3110 post
842 3043 947 3095 cladem
964 3043 1111 3098 Variana·
1131 3060 1146 3094 s
1166 3044 1271 3113 praesi-

230 3138 278 3191 dio
300 3141 420 3189 Romano
438 3137 564 3188 relictum
582 3146 641 3201 est,
669 3146 699 3189 ut
717 3137 803 3190 tradit
819 3117 944 3191 Velleius
962 3138 1004 3202 11,
1033 3157 1099 3202 rso,
1128 3138 1152 3204 4.
1187 3140 1271 3192 Lucii
1347 3175 1350 3180 ·

229 3235 313 3290 etiem
333 3230 459 3286 Caedicii
477 3235 615 3304 praefecti
632 3247 805 3298 castrorm,
834 3229 982 3307 sciremque
999 3233 1052 3304 qui
1075 3251 1133 3284 uno
1151 3234 1270 3286 eircum-

229 3329 292 3382 doti
309 3327 423 3381 Alisone
440 3329 577 3382 immensis
595 3331 793 3383 Germanorum
811 3332 899 3400 copiis
911 3326 1109 3381 obsidebantur
1117 3363 1130 3390 ,
1145 3325 1270 3380 laudass-

230 3424 269 3476 da
287 3425 374 3477 virtus
392 3437 450 3489 ειη
467 3426 517 3496 qui
538 3427 663 3478 omnihus
681 3425 894 3498 difficultatibus
912 3425 1070 3495 superetis,
1089 3425 1269 3495 quesinopia

230 3534 323 3570 rerum
340 3517 545 3582 intolerabiles,
565 3522 606 3574 eis
627 3519 745 3573 hostiurn
754 3519 883 3590 finiebat
901 3516 1148 3587 inexsuperabiles,
1167 3531 1269 3572 neote-

230 3615 352 3668 msrasio
371 3615 491 3667 consilio
511 3631 561 3668 nec
580 3617 659 3686 segni
673 3613 851 3686 providentie
870 3615 914 3668 usi
931 3615 1120 3686 specularique
1137 3628 1268 3686 opportu-

231 3714 347 3764 nitatem
361 3711 440 3779 ferro
460 3712 515 3764 sili
533 3711 571 3764 ed
588 3729 650 3763 suos
665 3725 797 3778 peperere
819 3706 946 3761 reditum.
990 3708 1031 3760 Ex
1054 3708 1108 3760 hoc
1126 3707 1188 3762 loco
1206 3727 1269 3762 eum
1371 3717 1375 3724 '

137 3797 141 3804 ’
225 3805 318 3856 Taciti
338 3804 426 3856 verbis
446 3794 561 3856 collaso'
578 3803 759 3869 consequitur
783 3799 813 3852 id
841 3801 983 3854 castellum
1008 3819 1024 3853 a
1053 3801 1218 3860 Germanico
1236 3809 1268 3860 in

226 3902 365 3971 prioribus
385 3899 609 3970 expeditionibus
625 3895 761 3967 praesidio
780 3915 873 3950 rursus
891 3899 1054 3954 instructum
1072 3901 1168 3956 luisse.
