2862 4726
179 270 238 332 aaa
318 247 319 252 '
605 261 823 328 truamur

24 440 54 514 (a
72 442 242 517 edibilem
265 443 628 527 Thrasulli'pr'aedictum
661 445 788 506 Neronis
824 444 990 527 imperium
1019 445 1052 504 in
1077 451 1218 527 tempore
1275 479 1277 485 ·

175 552 411 628 memorabitur,
437 571 475 611 ne
497 571 578 610 nunc
599 553 721 632 incepto
743 551 863 634 longius
886 549 1023 610 abierim.
1096 622 1100 630 Χ

261 661 359 722 lsdem
381 657 570 720 consulibus.
587 657 685 720 Asinii
708 656 789 718 Galli
821 679 902 720 mors
939 656 1098 739 vulgatur,
1127 662 1279 744 quemffi

177 778 307 851 egestate
333 765 392 826 cilri
416 773 606 848 peremptum
627 764 711 824 haud
733 765 883 840 dubium,
913 777 1020 846 sponte
1043 765 1095 827 vel
1114 787 1220 828 neces-

176 877 281 951 sitate,
305 874 459 934 incertum
480 871 665 934 habebatur.
708 870 935 956 Consultusque
963 872 1074 934 Caesar
1102 897 1143 946 au
1172 897 1219 938 se·
1252 921 1254 926 -

174 980 265 1064 peliri
284 983 420 1057 sineret,
443 1001 504 1040 nou
524 975 652 1040 erubuit
672 981 872 1060 permittere,
903 977 1051 1060 ultroque
1079 984 1223 1044 incusare
1279 1039 1282 1046 ,

175 1109 263 1151 casus
282 1089 336 1172 qui
354 1109 438 1148 reum
451 1085 657 1160 abstulissent,
675 1097 842 1168 antequam
862 1107 963 1146 coram
977 1089 1220 1154 convinceretur.

174 1197 297 1268 Scilicet
317 1195 424 1257 medio
437 1195 570 1255 triennio
589 1193 730 1268 defuerat
751 1194 869 1267 tempus
891 1194 1045 1255 subeundi
1072 1198 1223 1262 iudicium

174 1304 327 1366 consulari
349 1306 436 1382 seni,
457 1313 506 1364 tot
534 1300 742 1363 consularium
776 1303 905 1383 parenti.
956 1303 1078 1365 Drusus
1107 1307 1219 1370 deinde

174 1413 391 1494 exstinguitur,
416 1433 486 1474 cum
509 1433 541 1473 se
555 1411 732 1472 miserandis
745 1391 917 1486 alimentis,
941 1412 1147 1476 mandendoe
1167 1437 1215 1476 cu·
1241 1441 1280 1480 ro

172 1520 228 1582 ltili
250 1532 407 1598 tomento,
428 1541 544 1581 nonum
568 1519 608 1580 ad
629 1519 710 1580 diem
728 1502 921 1586 detinuisset.¹
950 1521 1121 1582 Tradidere
1147 1524 1217 1604 qui-

172 1629 245 1690 dam
271 1631 494 1711 praescriptum
523 1627 617 1688 fuisse
645 1621 805 1703 Macroni,
847 1629 872 1687 si
913 1649 1000 1688 arma
1034 1627 1074 1688 ab
1105 1627 1219 1706 §aiano

172 1749 382 1810 tentarentur,
404 1747 571 1798 extractum
592 1737 730 1798 custodia
755 1737 897 1798 iuven'ern
927 1744 1010 1810 (nam
1039 1741 1071 1796 in
1103 1736 1216 1819 palatio

172 1847 373 1926 attinebatur)
387 1847 498 1910 ducem
514 1846 628 1929 populo
643 1848 809 1927 imponere.
852 1849 924 1907 Mox
947 1849 1023 1930 quia·
1040 1868 1148 1908 rumor
1167 1849 1215 1907 in·

171 1951 301 2046 cedebat
323 1951 393 2014 sore
415 1963 451 2013 ut
472 1973 552 2012 nuru
575 1971 610 2010 ac
630 1950 730 2034 nepoti
751 1953 968 2035 conciliaretur
989 1953 1124 2027 Caesar,
1140 1975 1215 2016 -sae-
1239 1941 1280 2020 rb

146 2063 276 2139 ‚vitiam
298 2083 390 2144 quam
423 2062 642 2142 paenitentiam
672 2059 790 2122 maluit.
844 2062 941 2137 Quin.
960 2073 990 2122 et
1019 2061 1155 2122 invectus
1183 2055 1275 2154 5⁰24

172 2167 370 2242 defunctum,
394 2165 508 2248 probra
531 2167 678 2246 corporis,
700 2165 886 2228 exitiabilem
909 2167 939 2228 in
962 2189 1044 2244 suos,
1067 2168 1240 2232 infensum·

84 2288 88 2296 “
154 2262 214 2330 ’τά
244 2271 384 2351 publicae
403 2272 542 2330 animum
566 2269 697 2347 obiecit,
728 2270 910 2352 recitarique
938 2271 1093 2333 factorum
1115 2275 1216 2338 dicto.
1305 2283 1310 2294 “

171 2398 302 2457 rumque
336 2377 400 2438 eius
430 2376 582 2458 descripta
612 2399 667 2460 per
704 2379 771 2440 dies
799 2380 905 2460 iussit,
933 2401 997 2464 quo
1035 2401 1097 2441 non
1131 2383 1216 2445 aliud

69 2462 71 2470 s
171 2487 310 2546 atrocius·
325 2485 437 2546 v'isum.
483 2484 644 2546 Adstitisse
670 2497 715 2546 tot
745 2509 800 2568 per
826 2489 996 2571 annosqui
1022 2487 1141 2550 vultum
1163 2511 1215 2574 ge·
1234 2517 1280 2558 no

171 2593 281 2669 mitur,
316 2590 479 2654 occultum·
508 2597 600 2662 etiam
634 2615 773 2654 murmur
804 2599 993 2677 exciperent,
1024 2607 1055 2654 et
1081 2601 1214 2678 potu'nse

170 2686 263 2762 arum
283 2699 390 2762 audire
427 2701 527 2783 legere
558 2703 766 2783 inpublicum
788 2683 932 2784 promere
961 2701 1011 2762 vin
1035 2702 1128 2777 fides,
1152 2707 1210 2765 nisi
1272 2707 1278 2713 '

169 2810 252 2892 quod
265 2811 348 2870 Actii
366 2810 553 2872 centurionis
571 2821 601 2870 et
619 2811 744 2894 Didymi
765 2813 864 2872 liberti
888 2809 1033 2892 epistulae
1053 2833 1213 2874 serrorum

170 2917 298 2978 uomina
318 2917 553 2998 praeferebant,
575 2921 697 3002 uliquis
718 2921 925 3002 egredientem
941 2917 1098 2980 ‘cubiculo
1125 2920 1212 2979 Dru·

169 3047 236 3088 sum
266 3025 445 3107 pulsaverat,
477 3037 674 3089 exterruerat.
729 3030 832 3090 Etiam
862 3048 918 3090 sua·
946 3026 1039 3088 verbe
1070 3030 1211 3088 centurio
1230 3046 1275 3107 ,ς

64 3121 70 3132 “
169 3134 312 3194 saevitiae
331 3125 444 3215 plena,
473 3143 626 3218 tanquam
655 3135 838 3220 egregium',
863 3157 1013 3218 vocesque
1042 3133 1211 3226 deficientis

169 3240 339 3311 adiecerat,
367 3241 436 3321 quis
456 3233 557 3322 primo
578 3241 808 3327 [alienationem
828 3247 937 3306 mentis
957 3235 1118 3324 simulans]
1132 3263 1209 3324 qua-

168 3351 192 3409 si
216 3371 272 3430 per
291 3348 475 3408 dementiam
497 3349 615 3412 funesta
645 3352 792 3428 Tiberio,
820 3373 890 3429 mox
918 3351 971 3411 ubi
1003 3371 1108 3431 exspes
1130 3354 1210 3413 ritae

169 3453 238 3526 suit,
262 3451 421 3514 meditatas
440 3455 679 3537 compositasque
689 3455 770 3516 diras
788 3456 1025 3538 imprecabatur,
1050 3469 1085 3517 ut
1105 3481 1209 3540 quem·

169 3559 335 3622 admodum
355 3582 467 3622 nurum
488 3562 645 3644 filiumque
672 3563 773 3624 fratris
803 3573 834 3622 et
863 3559 988 3644 nepotes
1020 3564 1206 3652 domumque
1229 3589 1274 3647 30

169 3690 290 3729 onmem
315 3668 460 3732 caedibus
482 3670 709 3754 complevisset,
738 3672 781 3730 ita
803 3691 914 3754 poenas
941 3676 1057 3738 nomini
1087 3678 1210 3757 generi-

242 3900 280 3954 15.
299 3917 374 3956 rutra
391 3901 432 3954 ld:
453 3901 559 3971 Lipsius
577 3905 670 3955 nurui,
692 3904 732 3956 et.
752 3905 795 3968 ll,
818 3907 858 3958 so.
