2900 4706
263 295 323 358 360
611 321 637 396 a*
654 293 874 354 ANNALtUM
1429 369 1430 378 ἵ

689 417 692 428 s
1429 413 1430 454 t

120 473 147 544 (a
162 471 248 548 Cio.)
263 479 376 536 iiurrus
397 488 427 536 et
448 477 558 536 Seneca
584 477 783 558 expedirent?
807 481 890 556 Quos
913 483 1011 540 statim
1041 482 1212 551 acciverat,
1236 482 1286 536 in·

262 589 433 642 certuman
453 595 481 642 et
500 593 572 644 ante
592 587 721 666 ignaros.
771 586 867 665 igitur
906 583 1028 664 longum
1061 587 1215 665 utriusque
1244 588 1286 644 si-

262 690 411 768 lentium,
434 712 472 750 ne
491 691 570 750 irriti
592 691 818 769 dissuaderent,
841 715 877 751 an
907 713 941 752 eo
971 691 1146 750 descensum
1179 693 1286 751 crede·

262 797 354 871 bunt,
377 807 421 871 ut,
445 798 501 856 nisi
520 799 746 877 praeveniretur
768 797 947 880 Agrippina,
967 798 1149 878 pereundum
1172 798 1286 857 Neroni

264 917 347 965 esset.
389 906 464 966 Post
485 905 612 982 Seneca,
637 907 781 966 hactenus
811 909 997 988 promptius,
1028 929 1094 966 cum
1127 904 1319 984 respiceret5

262 1010 391 1069 Burrum
413 1030 447 1068 ac
468 994 679 1086 sciscitaretur,
700 1031 738 1068 an
759 1010 844 1070 militi
869 1011 1045 1090 imperanda
1059 1010 1165 1072 caedes
1185 1025 1286 1088 essset,

262 1117 315 1178 iiie
337 1119 544 1198 praetorianos
566 1120 625 1178 toti
644 1098 805 1178 Caesarum
827 1119 928 1179 domui
946 1121 1105 1202 obstrictos
1127 1141 1286 1179 memores·

264 1247 323 1306 que
345 1226 514 1286 Germanici
536 1225 611 1286 nihil
631 1226 775 1287 adversus
797 1231 971 1308 progeniem
995 1233 1056 1304 eius
1088 1241 1173 1288 atrox
1196 1248 1286 1300 ausu·

262 1352 313 1390 ros
339 1313 518 1412 respondit}
543 1343 730 1412 perpetraret
750 1333 890 1393 Anicetus
910 1337 1065 1413 promissa.
1118 1335 1177 1410 Qui
1213 1333 1287 1394 nihil
1327 1349 1329 1352 '

263 1450 421 1500 cunctatus
441 1443 537 1521 poscit
557 1463 703 1502 summam
733 1441 861 1502 sceleris.
903 1441 952 1502 Ad
986 1463 1050 1500 eam
1083 1463 1185 1502 vocem
1205 1442 1288 1500 Nero
1312 1453 1349 1491 1⁰

261 1546 315 1608 ilio
336 1548 391 1608 sibi
412 1547 461 1608 die
480 1547 545 1608 dari
567 1551 750 1630 imperium,
773 1556 989 1629 'auctoremque
1007 1551 1081 1608 tanti
1105 1551 1236 1608 muneris
1257 1547 1288 1606 ti-

251 1648 380 1714 'bertum
403 1653 569 1735 profitetur.
613 1658 672 1714 iret
694 1639 821 1734 propere
846 1653 1027 1733 duceretque
1041 1655 1289 1733 promptissimos

261 1761 302 1820 eti
323 1765 411 1824 iussa.
455 1761 521 1842 ipse
542 1753 647 1822 audito
681 1763 796 1820 venisse
823 1762 915 1820 missu
933 1759 1121 1848 Agrippinae
1148 1761 1289 1824 nuntium

262 1867 450 1950 Agerinum,
491 1889 614 1928 scenam
652 1865 732 1926 ultro
763 1867 896 1957 criminis
931 1876 1037 1946 parat,
1070 1867 1286 1947 gladiumque,

263 1977 335 2038 dum
357 1976 497 2036 mandata
518 1977 650 2058 perfert,
674 1976 775 2035 abiicit
797 1975 875 2058 inter
894 1973 984 2055 pedes
1005 1974 1092 2048 eius,
1115 1985 1179 2032 tum
1202 1981 1286 2054 quasi
1316 1970 1349 2031 15

261 2083 452 2166 deprehenso
474 2082 573 2142 vincia
594 2084 675 2140 iniici
698 2082 803 2157 iubet,
826 2093 863 2140 ut
890 2081 1178 2164 exitimpprincipis
1200 2084 1290 2156 moii-

261 2204 322 2250 tmn
343 2203 468 2251 matrem
492 2190 659 2270 etupudore
681 2189 855 2270 deprehensi
877 2187 998 2248 sceleris
1026 2199 1132 2267 sponte
1162 2202 1287 2250 mortem

262 2297 419 2374 sumpsisse
442 2293 617 2372 confingent.
638 2292 762 2350 interim
782 2292 908 2372 vulgatu
928 2293 1109 2372 tgrippinae
1135 2297 1317 2378 pci·icuio,8

173 2415 175 2421 “
262 2403 437 2484 quarinum
456 2399 623 2478 evenisset,
647 2400 823 2482 utquisque
852 2411 1031 2478 acceperat,
1068 2401 1231 2474 decurrere
1250 2409 1286 2466 ad

270 2535 556 2552 mm

634 2547 646 2576 ἱ

351 2627 372 2661 t.
391 2623 539 2678 expergens
556 2607 614 2660 M¹t
640 2604 798 2674 expedirent
816 2608 915 2656 amicus
936 2603 1074 2656 Pichenae.

351 2704 376 2768 t.
397 2714 426 2752 ut
444 2719 497 2758 oin,
517 2699 565 2748 Mt,
585 2691 655 2750 idern
674 2701 700 2756 6.
719 2698 882 2768 imperanda

353 2793 376 2843 5.
397 2807 456 2842 cum
485 2792 632 2861 respiceret
656 2792 773 2843 Burrum
792 2810 824 2843 ac
851 2788 1049 2864 sciscitaretur]
1078 2793 1120 2842 M·
1144 2795 1290 2862 respiceret

262 2888 380 2939 Burrum
400 2901 434 2934 ac
451 2885 475 2934 si
492 2886 658 2945 trituretur,
682 2883 871 2954 Bdespiceret
895 2887 1009 2936 Burrum
1033 2902 1067 2936 ac
1085 2886 1289 2950 sciscitaretur,

265 2985 285 3030 (i
305 2981 439 3049 respicere
458 2981 573 3030 Burrum
592 2985 666 3031 acsi
685 2981 839 3030 trituretur.
877 2979 991 3028 Primum
1010 2980 1035 3028 si
1049 2981 1196 3031 sciteretur
1216 2983 1288 3038 iiaud

263 3067 349 3122 tlubie'
366 3072 462 3122 leviter
480 3079 635 3138 corruptum
653 3080 737 3122 estex
753 3074 949 3132 sciscitaretur,
968 3071 1203 3140 quodinestin133
1226 3075 1288 3124 dein

263 3167 407 3236 respiceret
430 3161 541 3229 praebet
554 3161 624 3212 liber
643 3167 759 3231 optimus
776 3174 803 3239 et
820 3181 875 3214 uon
887 3167 939 3216 nisi
951 3165 1047 3216 ieviter
1066 3165 1092 3214 in
1107 3167 1184 3232 peius
1200 3177 1288 3218 tuntu-

264 3269 320 3310 tum
343 3265 495 3309 servatura
515 3259 541 3313 Β,
561 3255 613 3306 Sed
633 3271 691 3308 cum
713 3256 783 3306 nihii
800 3257 878 3318 assit,
899 3256 970 3308 unde
988 3259 1124 3325 pendeant
1140 3263 1290 3312 coniuncti-

264 3354 301 3415 vi,
322 3351 408 3402 adieci
429 3349 587 3418 particulam
607 3358 674 3409 cum,
695 3350 911 3419 sententiamque
932 3350 996 3400 inde
1014 3351 1048 3402 ab
1070 3351 1117 3403 ille
1134 3356 1290 3420 praetoriu-

264 3465 314 3498 uos
338 3461 386 3514 pro
408 3445 517 3511 spodosi
532 3445 630 3511 accepi.
668 3442 745 3510 Quae
764 3443 810 3492 aiii
832 3443 860 3492 in
881 3443 922 3494 his
943 3443 1029 3493 verbis
1046 3447 1216 3505 tentaverint,
1237 3447 1290 3496 let·

264 3551 336 3594 tores
355 3555 388 3589 ex
401 3539 518 3588 Ernestii
535 3545 563 3588 et
578 3536 710 3587 Waltheri
728 3535 952 3588 annotationibus
971 3536 1085 3589 discantss
1107 3539 1163 3590 Hoc
1180 3557 1287 3603 moneo,

263 3649 297 3682 ue
315 3635 375 3703 quis
394 3613 493 3680 corticis
512 3631 533 3680 A
560 3631 692 3696 scriptura
712 3633 803 3695 aperte
823 3629 1000 3694 interpolata,
1017 3632 1151 3698 respicere
1169 3635 1285 3686 Burrum

263 3743 296 3778 ec
308 3725 446 3776 sciscitari
459 3731 570 3790 propter
589 3721 748 3771 facilitatem
768 3733 829 3766 cum
849 3721 972 3770 Ernestio
991 3720 1164 3788 descipiatur.

336 3817 464 3872 10.Nero
487 3815 550 3866 illos
570 3811 674 3866 inbidie
694 3813 751 3876 M³3
772 3815 886 3862 correxit
906 3813 1058 3869 Rhenanus.
1084 3805 1086 3810 ¹

334 3911 373 3977 'i-
391 3911 552 3979 egerrimum
574 3910 631 3968 Μ’,
652 3915 678 3957 et
703 3909 739 3958 16.
759 3909 868 3958 exituro.

349 3983 351 3986 '
373 3987 376 4006 t
