2826 4730
1296 184 1300 206 ‚
1392 37 1396 156 l

478 271 557 332 tta.
584 270 639 335 tv.
683 271 772 334 cta.
796 277 887 338 2-5.
1138 277 1197 341 179

158 461 226 529 rat,
249 471 287 510 ne
307 435 409 532 pellici
428 459 664 530 suspectaretur.
684 449 744 510 Sed
766 450 943 532 magnitudo
966 423 1116 514 facinoris
1130 471 1196 513 me·
1210 478 1278 553 μς,Ι
1290 477 1345 547 ,qq
1385 447 1397 508 l

156 572 222 622 tum
245 541 428 642 prolationes
449 556 569 618 diversa
589 556 744 618 interdum
765 543 1069 620 consilia‘afferebat.
1178 585 1180 592 ,
1396 541 1397 550 ἵ

127 670 156 752 l,
240 668 371 730 Interim
404 669 475 728 anni
495 667 645 749 principio
675 666 795 728 Drusus
820 688 856 729 ex
890 667 1066 729 Germanici
1094 667 1206 744 liberis

158 787 262 858 togam
283 775 402 838 virilem
423 777 568 861 sumpsit3
599 795 737 858 quaeque
757 775 842 836 fratri
873 774 938 835 eids
958 775 1074 836 Neroni
1096 773 1203 838 deure-
1252 755 1255 762 ’

10 885 12 896 '
120 873 251 944 5serat
273 893 395 944 sanatus
409 859 427 960 ,⁴
438 877 579 962 repetita.
623 879 754 942 Addidit
775 881 945 944 orationem
968 882 1078 944 Caesar
1106 883 1216 946 multa=

159 1014 232 1052 cum
250 991 340 1052 laude
357 990 411 1051 filii
429 992 498 1068 sui,
523 989 605 1072 quud
627 992 726 1071 patria
750 989 959 1052 benivolentia
978 990 1010 1052 in
1039 991 1143 1054 fratris
1166 989 1204 1052 li·

159 1101 249 1168 beros
270 1101 361 1166 foret.
387 1099 466 1160 Nam
482 1099 614 1174 Drusus,
635 1119 810 1182 quanquam
823 1099 957 1166 arduum
977 1103 1018 1162 sit
1035 1101 1144 1164 eodem
1159 1101 1205 1162 lo·

154 1209 187 1295 ¹ci
209 1209 375 1290 potentiam
396 1219 426 1268 et
450 1207 645 1272 concordiam
664 1229 737 1286 esse,
760 1230 874 1292 aequus
896 1207 1138 1276 adulescentibus
1151 1222 1205 1273 ant
1280 1289 1283 1296 ⁴
1319 1183 1326 1218 ι

162 1324 246 1373 certe
276 1332 337 1372 non
359 1313 506 1382 adversus
527 1313 723 1410 'babebatum
769 1313 850 1392 Exin
876 1323 965 1375 vetus
994 1326 1024 1376 et
1049 1340 1138 1401 saepe
1162 1323 1205 1380 si-

109 1443 145 1482 ro
164 1421 312 1510 mulatum
352 1423 564 1505 proficiscendi
600 1425 632 1482 in
667 1423 842 1504 provincias
863 1424 1025 1486 consilium
1060 1428 1203 1490 refertur.

163 1527 393 1590 Multitudinem
419 1539 636 1588 veteranorum
650 1529 845 1608 praetexebat
865 1529 1054 1609 imperetur,
1084 1541 1117 1602 et
1148 1532 1206 1594 de.
1245 1605 1248 1614 x
1365 1541 1367 1548 '

163 1634 291 1696 lectibus
323 1633 509 1718 supplendos
540 1635 705 1696 exercitus:
740 1657 812 1694 nam
845 1635 1052 1714 voluntarium
1079 1637 1205 1702 militem
1249 1613 1254 1624 l

164 1742 285 1815 deesse,
309 1764 344 1803 ac
363 1745 389 1802 si
422 1741 620 1824 suppeditet,
644 1763 705 1802 non
727 1742 832 1804 eadem
857 1741 975 1804 virtute
1004 1765 1038 1805 ac
1058 1745 1206 1807 modestia

162 1869 270 1933 agere,
300 1850 373 1932 quia
400 1846 580 1929 plerumque
615 1849 720 1930 inopes
756 1869 793 1909 ac
830 1850 898 1930 vagi
925 1859 1032 1932 sponte
1068 1849 1207 1911 militiam

107 1937 147 2024 ad
166 1941 321 2022 sumana*
346 1955 583 2037 Percensuitqne
625 1955 735 2016 cursim
762 1976 927 2018 numerum
960 1954 1144 2039 legionum,
1175 1971 1207 2021 et

161 2085 239 2148 quas
261 2065 431 2148 provincias
453 2073 640 2124 tutarentur.
682 2063 774 2142 Quod
794 2063 871 2124 mihi
889 2083 1014 2146 quoque
1039 2085 1206 2148 exsequen-

158 2175 234 2236 dum
256 2196 352 2254 reor,
372 2192 452 2255 qnae
473 2183 548 2234 tunc
569 2172 707 2232 Romana
736 2172 823 2252 copia
843 2173 877 2231 in
909 2172 1018 2252 armis,
1050 2174 1103 2258 qui
1134 2155 1206 2236 socii

160 2305 269 2368 reges,
296 2291 414 2374 quanto
436 2282 475 2342 sit
492 2281 648 2382 angqstius
668 2282 884 2362 imperitatum.

133 2398 159 2476 5
247 2391 367 2453 ltaliam
390 2401 523 2472 utroque
543 2389 620 2448 mari
642 2387 722 2448 duae
738 2386 864 2466 classes,
886 2389 1040 2450 Misenum
1066 2389 1155 2473 apud¹
1174 2400 1205 2450 et
1240 2397 1251 2410 '

102 2525 144 2566 no
159 2502 360 2576 Ravennam,
392 2500 625 2582 proximumque
649 2497 765 2560 Galliae
802 2497 887 2558 littus
924 2508 1076 2560 rostratae
1110 2520 1202 2562 naves

160 2607 394 2691 praesidebant,
415 2628 490 2690 quas
524 2605 663 2672 Actiaca¹
681 2604 812 2668 victoria
844 2613 946 2686 captas
976 2607 1131 2688 Augustus
1169 2609 1201 2668 in

160 2713 307 2798 oppidum
327 2713 542 2774 Foroiuliense
559 2711 702 2790 miserat,
731 2709 833 2772 valido
860 2731 931 2772 cnm
964 2712 1089 2796 remige.
1140 2715 1200 2778 Sed

159 2823 361 2904 praecipuum
382 2799 478 2884 robur
497 2822 640 2884 Rhenum
656 2820 737 2882 iuxta
754 2865 765 2900 ,
784 2839 947 2881 commane
967 2821 1000 2882 in
1032 2822 1201 2896 Germanos
1264 2885 1267 2893 ,
1359 2870 1361 2879 .

160 2927 327 3014 Gallosque
350 2929 537 3006 subsidium,
560 2929 629 2990 octo
658 2926 793 3009 legiones
813 2934 913 2989 erant.
941 2927 1122 3010 Hispaniae
1149 2951 1204 3007 re,-
1267 2989 1272 2999 ,

105 3053 142 3116 25
159 3059 231 3100 cens
252 3035 441 3120 perdomitae
460 3035 559 3096 tribus
579 3033 789 3108 habebantur,
825 3033 952 3096 Mauros
973 3035 1049 3098 Iuba
1063 3057 1123 3098 rex
1150 3057 1200 3098 ac-

83 3157 86 3166 *
156 3155 282 3228 ceperat
313 3139 427 3204 donum
449 3141 552 3226 populi
576 3143 718 3208 Romani.
760 3141 868 3205 Cetera
896 3141 1021 3204 Africae
1040 3161 1095 3223 per
1124 3143 1199 3208 duas

156 3254 312 3338 legiones,
338 3255 466 3336 parique
487 3270 617 3314 numero
628 3249 798 3334 Aegyptus,
821 3250 932 3314 dehinc
948 3252 1035 3315 initio
1048 3252 1088 3314 ab
1108 3237 1199 3316 Suria

222 3451 225 3462 ’
245 3462 271 3514 6.
291 3460 485 3516 benivolentia
502 3455 545 3512 M:
564 3458 754 3517 benevolentia
774 3459 863 3530 vulgo.

234 3571 274 3625 ¹7.
293 3567 360 3610 tunc
375 3546 420 3608 M:
448 3566 505 3607 tum
523 3553 659 3608 editiones
678 3563 742 3608 ante
763 3553 968 3608 Bellerianam.
991 3581 1019 3596 -
1040 3553 1122 3624 Quod
1143 3557 1198 3609 iam

160 3648 302 3704 Mediaeus
320 3649 452 3720 praebet,
471 3649 515 3700 vel
532 3649 690 3701 coniectura
708 3648 908 3702 restituendum
931 3650 1043 3704 fuisset:
1061 3667 1122 3704 nam
1141 3665 1198 3706 tum

161 3746 264 3798 dicitnr
282 3745 316 3798 de
337 3759 366 3797 re
386 3761 456 3817 quae
476 3745 556 3796 aliam
573 3746 707 3815 sequitur,
724 3757 791 3798 tunc
809 3743 843 3796 de
861 3760 893 3797 ea
914 3761 984 3816 quae
1002 3761 1060 3799 cnm
1078 3748 1133 3798 alia
1151 3722 1200 3799 eo:

162 3843 225 3894 dem
247 3849 369 3909 tempore
387 3846 491 3907 exstat,
508 3840 538 3892 id
556 3847 648 3892 antem
662 3837 743 3891 huius
758 3841 812 3891 loci
824 3844 959 3894 sententia
971 3843 1099 3914 postulat.
1121 3843 1196 3894 Idem
1222 3849 1224 3857 ⁴

161 3938 310 3995 discrimen
327 3935 477 3996 intersedit
497 3937 568 3990 inter
581 3934 729 4006 particulas
747 3937 802 3995 iam
824 3944 853 3990 et
872 3955 957 3997 nnnc,
