2900 4706
454 235 530 356 in.
550 288 635 356 xiv.
668 287 761 352 car.
783 288 918 360 ‹ro-ar.
1103 285 1195 356 1413
1250 345 1252 352 .

172 505 240 546 men
262 477 438 551 indiderint,
461 499 495 540 ea
517 479 548 537 in
570 498 642 558 pace
666 478 742 549 ausi,
765 497 843 557 qrrae
866 477 912 536 vix
933 470 1019 548 bello,
1035 471 1199 537 evenirent.
1210 481 1240 540 (a
1251 471 1280 525 C.
1289 471 1346 539 oa.)

171 593 264 651 Arma
287 589 338 648 illa
361 587 504 648 adversus
526 585 687 665 principem
715 591 853 661 sumpta;
875 580 982 640 ducem
1002 589 1120 638 tantum
1142 577 1194 638 de·

171 699 281 773 fuisse,
303 697 355 776 qui
377 695 466 754 motis
486 693 575 774 rebus
595 689 682 750 facile
704 689 911 769 reperiretur:
935 689 1087 748 omitteret
1106 685 1196 745 modo

166 802 389 881 Campaniam,
411 807 441 858 et
460 800 491 856 in
511 796 618 888 urbem
641 797 734 874 ipsam
752 805 906 876 pergeret,
927 794 966 854 ad
983 795 1067 855 cuius
1089 805 1197 856 nutum
1300 807 1302 814 ’

141 905 302 977 5absentis
325 901 473 964 tumultus
503 905 666 962 cierentur.
710 900 803 977 Quod
834 899 968 982 alioquin
997 921 1085 961 suum
1104 902 1197 962 delic-

174 1019 262 1074 tum?
304 1013 402 1088 Quam
422 1011 597 1090 cuiusquam
612 1007 826 1069 offensionem?
847 1005 894 1066 An
918 1009 986 1088 quia
1009 1013 1199 1091 veram‘prou

175 1123 291 1202 geniem
312 1119 469 1198 penatibus
491 1117 653 1178 Caesarum
685 1118 794 1178 datura
828 1119 890 1177 sit?
931 1097 1024 1176 Malle
1052 1114 1200 1196 populum

70 1263 72 1266 ·
174 1228 344 1287 Romanum
366 1223 496 1283 tibicinis
517 1224 659 1312 ¹Aegyptii
691 1223 827 1284 subolem
857 1224 1051 1308 imperatorio
1084 1221 1201 1303 fastigio

176 1333 306 1392 induci?
347 1330 509 1408 Denique,
530 1332 553 1392 si
575 1330 606 1388 id
627 1329 717 1388 rebus
739 1328 900 1402 conducat,
922 1326 1018 1389 libens
1038 1347 1128 1409 quam
1151 1349 1202 1390 co·

124 1467 160 1507 to
177 1448 260 1496 aetus
281 1435 391 1494 acciret
411 1433 584 1508 dominum,
604 1433 654 1492 vel
677 1432 847 1493 consuleret
865 1433 1016 1511 securitati
1049 1433 1125 1493 iusta
1155 1431 1202 1494 ul·
1231 1445 1235 1464 ¹

176 1517 273 1607 tiones
310 1541 349 1599 Et
372 1537 497 1598 modicis
517 1537 657 1598 remediis
677 1541 793 1618 primos
820 1547 921 1598 motus
953 1535 1143 1596 consedisse:
1174 1549 1204 1598 at
1283 1555 1285 1560 ·
1341 1523 1376 1592 ’.

178 1647 202 1704 si
224 1645 382 1730 desperent
400 1663 523 1702 uxorem
543 1631 673 1704 Neronis
697 1643 762 1703 fore
784 1643 966 1719 Octaviam,
994 1641 1038 1702 illi
1064 1645 1205 1704 maritum

42 1804 44 1812 ,
124 1747 312 1828 ssssdaturos.
355 1750 465 1812 Varius
486 1771 582 1810 sermo
589 1759 601 1826 ,'
620 1761 650 1810 et
675 1750 712 1810 ad
734 1759 850 1811 metum
871 1759 961 1830 atque
981 1753 1058 1811 iram
1087 1739 1206 1810 aaroni·

181 1858 342 1934 modatus,
371 1858 482 1918 terruit
502 1857 590 1916 simul
616 1857 791 1918 audientem
811 1869 840 1918 et
862 1858 1011 1918 accendit.
1064 1845 1123 1916 Sed
1150 1835 1205 1938 pa·

129 1971 164 2033 ¹5
183 1983 253 2024 rum
276 1961 399 2054 valebat
420 1962 548 2043 suspicio
571 1966 603 2022 in
623 1984 720 2040 servo,
739 1974 769 2023 et
790 1965 1014 2043 quaestionibus
1031 1964 1207 2026 ancillarum

182 2067 264 2142 elusa
286 2078 359 2128 erat.
401 2070 481 2149 Ergo
502 2066 866 2156 confessionemnlicuius
886 2071 990 2150 quaeri
1021 2070 1135 2152 placet,
1157 2073 1208 2134 cui

183 2195 287 2235 rerum
309 2195 430 2256 quoque
449 2195 597 2234 novarum
619 2175 733 2232 crimen
756 2171 953 2254 effingeretur.
979 2175 1019 2235 Et
1039 2181 1120 2237 visus
1141 2178 1208 2238 ido..

107 2285 112 2292 “
161 2267 254 2341 ‘neus
282 2291 438 2350 maternae
461 2280 544 2340 necis
565 2292 703 2361 patrator
724 2279 886 2356 Anicetus,
909 2280 992 2340 classi
1014 2283 1093 2364 apud
1118 2285 1210 2343 Mise-

181 2411 275 2465 num,
297 2399 332 2447 ut
355 2389 541 2465 memoravi,
566 2388 761 2469 praefectus,
783 2387 844 2448 levi
866 2399 936 2468 post
957 2390 1117 2450 admissum
1144 2411 1208 2450 sec·

129 2519 167 2558 ao
185 2495 232 2556 lus
252 2495 362 2577 gratia,
381 2495 450 2554 dein
473 2497 616 2575 graviore
637 2495 733 2571 odic,
762 2495 833 2576 quia
863 2495 1013 2574 malorum
1045 2496 1210 2558 facinorum

185 2604 314 2664 ministri
348 2604 435 2682 quasi
466 2603 678 2682 exprobrantes
709 2603 902 2683 aspiciuntur.
955 2606 1050 2685 igitur
1082 2608 1209 2664 accitum

186 2730 255 2770 eum
276 2709 386 2769 Caesar
411 2729 520 2788 operae
547 2709 660 2788 prioris
694 2707 852 2768 admonet:
880 2708 979 2768 solum
1012 2710 1211 2774 incolumitati

185 2815 331 2898 principis
349 2815 490 2875 adversus
519 2813 707 2874 insidiantem
737 2816 1083 2892 mutremsubvenisse3
1110 2815 1211 2876 locum

188 2923 269 2985 baud
289 2924 413 2983 minoris
432 2923 545 3002 gratiae
569 2923 702 2992 instare,
723 2922 923 3003 sicconiugem
945 2922 1092 2982 infensam
1113 2923 1214 3004 depel-
1265 2903 1268 2912 ¹

130 3047 171 3113 ,5
191 3031 276 3094 leret.
315 3031 380 3090 Nec
403 3051 495 3089 manu
517 3041 568 3090 aut
589 3029 649 3090 telo
671 3049 768 3112 opu33
789 3029 934 3090 fateretur
955 3032 1105 3092 Octaviae
1127 3033 1214 3093 adul·

188 3141 308 3200 terium.
350 3138 479 3198 Occulta
499 3138 621 3220 quidem
643 3138 681 3198 ad
703 3159 857 3218 praesens,
882 3140 935 3200 sed
958 3162 1066 3222 magna
1086 3143 1111 3200 ei
1126 3161 1215 3221 prae·

188 3249 248 3306 mia
268 3257 298 3306 et
319 3267 449 3306 secessus
466 3267 611 3336 ,amoenos
631 3246 795 3326 promittit,
821 3245 869 3306 ‘vel
888 3250 920 3306 si·
944 3251 1129 3329 negavisset,
1162 3269 1214 3308 ne·

190 3375 254 3416 cem
277 3357 435 3420 intentat.'
459 3355 514 3416 llle
538 3357 626 3416 insita
644 3353 806 3432 vecordia,
843 3367 872 3414 et
907 3341 1046 3416 facilitate
1078 3358 1213 3436 priorum

90 3489 96 3494 ·
190 3461 387 3542 flagitiorum,
408 3462 501 3555 plura¹
519 3465 608 3524 etiam
630 3483 722 3544 quam
747 3464 859 3538 iussum
882 3475 947 3524 erat
976 3465 1061 3545 fingit
1089 3465 1214 3526 fatetur-

136 3578 174 3638 50
193 3591 252 3651 que
273 3570 352 3650 apud
373 3572 503 3656 amicae,
524 3593 598 3654 quos
620 3570 702 3632 volut
726 3571 850 3632 consilio
875 3572 1051 3634 adhibuerat
1066 3575 1215 3655 princeps.

282 3821 305 3870 7.
323 3808 403 3858 malle
423 3811 597 3881 Puteolanus:
616 3813 704 3866 ΒίὶΜει
725 3815 833 3874 mallem
853 3816 968 3879 multene
987 3815 1115 3865 Handiur.

267 3899 298 3953 16
324 3900 399 3954 elusa
419 3917 478 3956 erut
498 3905 619 3963 Lectiusz.
636 3907 755 3959 eluserat
777 3905 872 3960 BGMa.
