2900 4724
332 291 337 297 ’
444 339 612 406 nxn.xu.
654 339 741 403 car.
766 343 901 410 sa-ao.
972 427 974 434 Ι
1139 349 1201 412 axo

105 581 108 588 .
181 519 324 601 religione
353 519 503 602 obstringi
544 539 605 580 non
634 495 721 599 telis,
761 541 822 583 non
853 523 1030 586 vulneribus
1058 521 1236 597 cessuros&
1254 523 1351 594 nio.)

126 624 396 710 350bstupefecit
415 645 449 686 ea
469 625 609 686 alacritas
627 627 735 688 ducem
755 629 942 704 Romanum
965 629 1054 691 simul
1076 632 1212 693 obiectus

184 737 300 814 amnis,
320 733 459 794 additam
481 733 615 814 vallum,
638 735 829 798 imminentia
843 739 923 820 iuga,
942 737 1019 798 nihil
1042 741 1098 800 nisi
1126 750 1211 800 atrox
1265 759 1269 764 ’

184 853 214 910 et
232 842 515 923 propugnatoribus
538 843 681 925 frequens
701 845 846 906 terrebat.
902 846 963 908 Sed
993 847 1079 910 miles
1101 848 1213 930 praeli·

150 951 170 1015 5
186 969 237 1010 uns
252 961 387 1031 poscere,
409 959 517 1010 cuncta
531 951 645 1012 virtute
661 953 871 1035 expugnabilia
892 953 1056 1028 clamitare,
1077 955 1213 1037 praelec-

184 1057 267 1140 tiqu'e
288 1077 325 1116 ao
348 1057 466 1118 tribuni
488 1061 571 1140 paris
584 1057 763 1122 disserentes
784 1061 923 1122 ardorem
944 1062 1092 1123 exercitus
1114 1063 1214 1123 inten-

186 1163 313 1225 debant.
358 1165 440 1224 Tum
455 1166 606 1239 Ostorius,
632 1168 855 1250 circumspectis
876 1189 954 1250 quse
974 1165 1214 1251 impenetrabilia

184 1291 321 1354 quaeque
341 1271 465 1352 pervia,
488 1271 572 1332 ducit
592 1274 746 1352 infensos,
775 1297 957 1358 amnemque
980 1276 1063 1338 haud
1086 1275 1215 1338 difficul-

184 1372 232 1442 ter
252 1379 364 1440 evadit.
406 1377 471 1439 Ubi
493 1388 618 1441 ventum
639 1382 680 1442 ad
701 1401 862 1464 aggerem,
886 1383 959 1442 dum
974 1384 1136 1445 missilibus
1148 1402 1215 1443 cer·

130 1488 330 1574 rotabatur,
349 1484 421 1567 plus*
437 1484 597 1547 vulnerum
609 1473 650 1550 ‘in
672 1509 727 1548 nos
755 1499 785 1549 et
806 1489 967 1571 pleraeque
982 1489 1102 1548 ,caedes
1132 1489 1216 1550 orie·

185 1595 308 1656 bantur.
349 1594 517 1676 Postquam
535 1593 614 1655 faeta
630 1595 779 1656 testudine
801 1595 891 1656 rudes
916 1605 945 1656 et
965 1594 1109 1655 informes
1131 1613 1217 1654 saxn-
1280 1621 1285 1626 ·

186 1719 255 1760 rum
272 1719 429 1780 compages
452 1698 614 1760 distractae
639 1721 754 1782 parque
773 1702 910 1761 cominus
943 1700 1044 1778 acies,
1073 1701 1219 1763 decedere

185 1807 314 1871 barbari
335 1807 458 1886 iniuga
479 1805 650 1866 montium·
679 1806 740 1866 Sed
760 1827 796 1867 eo
819 1816 943 1887 quoque
960 1808 1096 1886 irrupere
1116 1805 1218 1868 feren-

186 1917 284 1977 tarius
307 1913 467 1996 gravisque
490 1911 593 1988 miles,
622 1911 666 1972 illi
689 1912 757 1974 telis
784 1911 990 1992 assultantes,
1016 1913 1049 1973 hi
1081 1913 1219 1975 conferto

130 2016 169 2080 ¹5
186 2022 304 2108 gradu,
323 2020 451 2083 ‘turbatis
472 2030 577 2080 contre
596 2019 810 2114 Britannorum
833 2020 1013 2095 ordinibus,
1035 2021 1116 2102 apud
1142 2037 1219 2104 quos

186 2129 271 2192 nulla
302 2128 465 2190 loricarum
501 2124 693 2207 galearumve
726 2127 877 2206 tegtuina;
912 2135 943 2187 et
969 2128 994 2187 si
1022 2125 1220 2188 auxiliaribus

185 2239 370 2313 resisterent,
393 2233 499 2318 gladiis
511 2240 554 2293 'ao
575 2233 641 2315 pilis
655 2231 904 2315 legionariorum,
928 2235 951 2297 si
973 2233 1031 2294 hue
1051 2243 1217 2314 verterent,

185 2344 304 2428 spathis
319 2353 350 2404 et
370 2331 465 2403 itastis
484 2338 677 2402 auxiliarium
700 2341 925 2404 sternebantur.
948 2339 1041 2401 ’Clara
1069 2362 1103 2402 ea
1121 2341 1220 2404 victo⁴

187 2453 232 2514 ria
253 2451 335 2529 fuit,-
356 2459 506 2532 captaque
524 2453 616 2509 uxore
637 2457 668 2509 et
689 2449 750 2508 lilia
773 2449 932 2509 Caractaci
958 2449 1066 2510 fratres
1098 2462 1245 2533 quoque,

131 2558 220 2638 36in
243 2554 428 2620 deditionem
449 2557 574 2637 accepti.
598 2559 676 2636 lpse,
700 2563 734 2614 ut
757 2555 850 2616 ferme
865 2557 961 2616 intuta
980 2565 1051 2616 sunt
1078 2558 1216 2630 adversa,

189 2685 260 2726 cum
302 2663 394 2726 fidem
432 2661 666 2722 Cartimanduae
691 2662 815 2742 reginae
847 2657 1020 2742 Brigantum
1042 2663 1219 2744 petivisset,

188 2775 310 2834 vinctus
330 2791 365 2832 ac
386 2769 558 2830 victoribus
579 2766 710 2828 traditus
739 2777 805 2836 est,
826 2786 908 2828 nono
934 2777 1002 2849 post
1023 2765 1104 2828 anno
1129 2786 1221 2849 quam

188 2879 303 2942 bellum
325 2880 356 2940 in
376 2879 532 2938 Britannia
554 2885 705 2956 coeptum.
747 2873 841 2936 Unde
865 2875 945 2936 lama
965 2877 1029 2936 eius
1052 2876 1220 2936 evectans

189 2988 270 3050 sulas
290 2999 320 3048 et
341 2988 497 3068 proximas
519 2981 687 3066 provincias
710 2991 873 3065 pervagata
897 2991 953 3065 per
968 2985 1086 3044 ltaliam
1102 3002 1223 3065 quoque

108 3157 113 3182 Ι
133 3100 172 3182 ²5
191 3091 421 3168 celebrabatur,
444 3091 634 3172 avebantque
654 3088 752 3150 visere
770 3083 838 3170 ¹quis
850 3089 899 3150 ille
910 3099 956 3152 tot
967 3111 1022 3174 per
1038 3106 1133 3152 annas
1151 3107 1224 3171 opes

152 3269 154 3272 v
184 3211 313 3262 nostras·
330 3195 501 3280 sprevisset.
541 3198 588 3258 Ne
608 3197 722 3258 Romae
750 3197 876 3278 quidem
904 3198 1039 3280 ignobile
1064 3200 1222 3258 Caractnci

191 3329 301 3371 nomen
325 3316 411 3385 erat3
434 3315 464 3367 et
484 3283 596 3365 Caesar
623 3299 697 3364 dum
717 3322 806 3364 suum
827 3303 921 3364 decus
947 3303 1085 3389 extollit,
1105 3295 1223 3364 addidit

262 3581 303 3618 ·r.
319 3565 453 3633 religioni
468 3561 590 3616 codices:
608 3564 742 3633 religione
761 3563 878 3632 Lipsius.
960 3603 965 3612 ,

276 3659 302 3710 6.
319 3657 498 3728 expugnabili
514 3660 678 3722 clamitare,
695 3657 883 3731 praefiotique
903 3657 1009 3710 tritoni
1023 3657 1079 3712 'M⁸.

266 3769 303 3805 ια.
322 3749 457 3804 distracto
474 3755 525 3811 Μι,
545 3754 617 3806 idem
642 3769 679 3822 ¹9·
698 3771 752 3824 que
767 3767 819 3823 pro
841 3766 955 3825 quoque.

261 3863 305 3899 ar.
327 3845 520 3900 Caru'mondus
537 3851 587 3902 Ma,
607 3848 676 3900 idem
692 3865 712 3898 c.
732 3851 774 3913 tio.
793 3840 978 3902 estimandum
990 3849 1225 3909 etesi-timonem,

192 3943 223 3996 ll.
244 3943 300 4007 111,
320 3943 361 4012 45.
381 3931 601 4008 cae-cismarinae,
621 3942 868 4007 cortismanduam,
887 3929 1136 3999 castrametatas
