2826 4730
662 88 668 97 ·
773 75 782 108 l

908 205 913 236 l

505 309 658 377 narn.
701 312 788 375 aar.
816 312 949 379 71-*74
1067 389 1069 394 ,
1192 317 1249 397 tra
1341 365 1354 370 -

197 515 275 576 ·que
296 493 376 554 ultro
399 496 457 578 ,si-bi
480 495 571 578 atque
598 473 738 555 exercitui
762 517 816 556 suo
837 493 1023 577 postularet,
1054 505 1106 554 aut
1137 486 1400 559 be1111a1(³0·22·)

206 597 650 681 inexplicabileminitaretur.
692 601 761 662 Non
781 601 854 661 alias
888 602 982 682 magis
1003 621 1066 659 isua
1091 601 1253 683 populique

193 765 194 768 ,
212 707 343 768 Romani
358 711 542 771 contumelia
563 708 729 771 indoluisse
746 709 903 770 Caesarem
925 708 1036 784 ferunt,
1058 729 1151 788 quam
1170 710 1253 790 quod

142 837 145 842 ·
212 815 354 876 desertor
381 829 410 878 et
437 818 550 900 praedo
580 817 719 879 'hostium
752 838 839 878 more
865 826 979 899 ageret.
1013 816 1074 874 ‘Ne
1106 817 1252 896 Spartaco

174 923 340 1006 bqoidem
376 929 444 1006 post
471 936 519 986 tot
543 915 752 988 consularium
779 923 969 1008 exercituum
987 921 1094 982 'clades
1122 919 1253 982 inultam

213 1031 329 1092 ltaliam
352 1037 469 1112 urenti,
494 1055 671 1116 quanquam
699 1017 834 1094 ¹Sertorii
862 1041 952 1113 atque
989 1029 1176 1092 Mithridatis
1204 1032 1252 1091 in·

199 1118 356 1222 'gentibus'
372 1139 460 1203 bellis
478 1142 610 1216 labaret,
627 1163 677 1204 res
708 1140 852 1222 publica,
887 1139 1073 1217 datum,'ut
1101 1151 1192 1221 pacto
1220 1141 1251 1200 ln

212 1249 303 1310 fidem
327 1249 536 1332 acciperetur:
559 1250 673 1311 nedum
692 1247 897 1332 pulcherrimo
928 1245 1033 1331 populi
1053 1247 1182 1308 Romani
1208 1247 1252 1308 fa-

212 1358 299 1442 stigio
315 1359 393 1420 latro
404 1359 583 1420 Tacfarinas
601 1361 676 1442 pace
695 1369 725 1419 et
744 1357 937 1418 concessione
954 1377 1102 1439 agrorum
1120 1355 1252 1415 redime·

156 1481 195 1520 ro
212 1476 307 1527 retur.
351 1467 595 1551 Datnegotium
624 1466 729 1526 Blaeso
739 1476 762 1540 ,'·
798 1475 914 1525 ceteros
946 1463 1072 1544 quidem
1100 1463 1137 1523 ad
1166 1484 1251 1543 spem

172 1574 174 1583 ’
212 1571 376 1652 proliceret
405 1593 490 1648 arma
526 1575 589 1634 sine
608 1593 697 1638 „nora
725 1572 880 1654 ponendi,
915 1570 1008 1652 ipsius
1036 1581 1136 1632 autern
1164 1571 1251 1630 dacis

149 1673 335 1763 7li=quoqno
358 1681 450 1742 modo
479 1691 647 1764 poteretur.
681 1681 739 1746 ,Et
767 1682 881 1761 recepti
914 1701 949 1740 ea
977 1681 1068 1742 venia
1099 1677 1249 1762 plerique.

211 1790 280 1848 Mor
304 1787 465 1850 adversum
480 1801 564 1852 artes
589 1789 792 1851 Tacfarinatis
811 1788 895 1850 haud
911 1788 1049 1854 dissimili
1072 1788 1164 1848 modo
1181 1787 1250 1848 het.

208 1895 385 1978 ligeratum·
407 1901 483 1961 Nam
507 1903 580 1982 quia
605 1899 654 1960 ille
679 1900 793 1960 robore
813 1901 960 1976 exercitus
988 1899 1106 1980 impar,
1129 1896 1250 1958 furandi

145 2006 188 2072 15
211 2005 338 2076 melior,
360 2007 461 2088 plures
481 2001 660 2090 per'globos
679 2009 850 2069 incursaret
867 2006 1071 2088 eluderetque,
1092 2017 1124 2067 et
1144 2005 1250 2066 insidi-

207 2134 241 2172 as
264 2113 353 2174 simul
372 2123 522 2192 tentaret,
548 2124 609 2173 tres
634 2114 774 2187 incessus,
800 2114 928 2172 totidem
954 2115 1073 2200 agmina
1093 2122 1250 2194 parantur.

206 2221 252 2280 Ex
271 2224 345 2303 qais
364 2221 524 2283 Cornelius
546 2223 649 2304 Scipio
671 2221 787 2304 legatus
817 2221 966 2304 praefuit,
1001 2241 1061 2302 qua
1091 2218 1248 2300 praedatio

206 2332 237 2390 ln
259 2329 421 2412 Lepitanos
443 2341 474 2392 et
490 2329 619 2414 suffugia
643 2333 883 2407 Garamantum
905 2328 965 2390 alio
989 2327 1093 2402 latere,
1114 2349 1159 2404 ¹ne
1178 2327 1248 2386 Cir·

206 2439 337 2499 tensium
360 2437 429 2520 pagi
445 2439 569 2520 impune
592 2437 811 2510 traherentur,
838 2417 991 2517 propriam
1015 2430 1248 2495 manum-lilae-

122 2581 188 2620 ·20
208 2569 259 2608 sus
281 2546 361 2608 filius
384 2547 486 2624 duxit3
508 2545 609 2624 medio
631 2567 701 2604 cum
726 2543 868 2620 delectis,
891 2542 1013 2604 castella
1040 2553 1070 2603 et
1104 2542 1248 2601 munitio·

205 2675 259 2716 nes
280 2655 399 2718 idoneis
420 2653 494 2715 locis
514 2655 695 2735 imponens,
717 2651 776 2710 dux
808 2653 870 2732 ipse
893 2663 958 2712 arta
991 2663 1021 2712 et
1045 2651 1162 2710 infensa
1192 2649 1248 2708 ho·

130 2821 133 2826 .
159 2747 173 2818 ’.
205 2761 302 2822 stibus
324 2771 433 2822 cuneta
455 2760 579 2834 fecerat,
605 2760 676 2840 quia
688 2777 812 2838 quoquo
834 2755 1031 2834 inclinarent,
1047 2765 1121 2836 'pars
1145 2755 1246 2836 aliqua

133 2897 134 2902 ¹
205 2866 309 2928 militis
331 2867 460 2926 Romani
481 2867 514 2924 in
536 2886 610 2942 ore,
632 2865 663 2924 in
683 2863 778 2924 latere
808 2873 838 2922 et
867 2883 956 2944 saepe
991 2883 1007 2922 a
1036 2872 1123 2943 tergo
1159 2875 1246 2941 eret3

199 2973 358 3057 multique
378 2996 414 3034 eo
437 2975 527 3034 modo
556 2975 635 3036 caesi
657 2983 710 3033 aut
732 2971 952 3033 'circumventi
995 2971 1083 3034 Tunc
1108 2971 1265 3052 triperti·'

139 3092 186 3156 25
205 3094 274 3144 tum
300 3085 464 3147 exercitum
490 3083 593 3164 plures
627 3085 658 3141 in
689 3102 799 3140 manus
830 3078 994 3164 dispergit,
1024 3080 1247 3162 praeponitque

205 3189 396 3252 centuriones
428 3191 548 3253 virtutis
578 3200 727 3272 expertae.
769 3188 910 3268 Nec„ut
932 3209 997 3248 mos
1027 3187 1157 3263 fuerat,
1179 3201 1247 3249 aeta
1313 3221 1316 3229 =

193 3308 319 3362 aestate
341 3297 470 3360 retrahit
489 3299 590 3379 copias
612 3308 665 3358 aut
682 3297 715 3363 in
733 3293 937 3357 hibernaculis
951 3297 1065 3373 ¹veteris
1092 3294 1247 3378 provinci‘-
1303 3271 1305 3282 i

203 3428 241 3468 ae
262 3408 436 3488 componit,
464 3405 515 3466 sed
539 3417 573 3466 ut
594 3407 624 3464 in
653 3404 760 3466 limine
788 3404 877 3481 belli,
914 3403 1067 3486 dispositis
1096 3401 1244 3484 castellis,

202 3514 440 3598 perserpeditos
476 3523 506 3573 et
531 3509 745 3574 solitudinum
774 3536 884 3596 gnaros
919 3522 1088 3572 mutantem
1117 3510 1246 3593 mapalia
1331 3517 1333 3526 ’

136 3630 187 3690 30
200 3619 427 3687 Tacfarinatem
452 3617 684 3704 proturbabat,
703 3602 801 3684 donec
819 3621 917 3680 fratre
933 3619 998 3679 eius
1020 3629 1109 3699 capto
1126 3642 1245 3704 regres-
1320 3649 1323 3655 ·

200 3771 340 3782 -ιι--ι
345 3769 477 3780 --ι-ι--ι-

278 3875 316 3925 aa.
335 3873 464 3959 Leptines
482 3872 526 3924 M:
544 3873 693 3942 Lepitonos
707 3869 923 3937 Freinshemius.
946 3869 987 3926 Cf.
1006 3868 1172 3923 Waltherur.
1256 3910 1258 3915 ,

241 4003 243 4008 -
273 3967 318 4048 al.
339 3968 512 4038 tripartitam
530 3970 618 4038 vulgo:
639 3966 1103 4041 tripertitamex(lt,l>1Brkkerus.
