2826 4730
442 313 544 391 ,tm
566 316 622 382 111.
642 315 735 390 waar.
766 323 857 396 1-79.
1016 390 1024 412 Ι
1058 405 1064 425 l
1126 319 1183 384 mr

150 500 377 584 praecedebant
398 502 552 580 incompta
573 501 675 579 signa,
706 501 784 558 versi
806 498 918 574 fascem
941 505 1031 578 atque
1059 499 1112 558 ubi
1134 488 1214 559 co-la
1232 485 1262 537 C·
1277 485 1334 555 10·)

151 608 250 668 ionias
270 606 566 690 transgrederentur,
588 614 686 666 atrata
706 603 817 686 plebes,
840 603 970 664 trabeati
993 605 1108 687 equites
1132 628 1187 688 pro
1277 663 1279 676 ,

53 707 61 718 ’
151 716 265 796 opibus
280 713 340 776 loci
362 724 473 775 vestem
497 714 608 796 odores
629 711 747 795 aliaque
768 711 910 772 lunarum
919 711 1054 772 solennia
1074 735 1191 775 erema-

151 819 240 880 bant.
278 820 384 880 Etiam
406 836 539 901 quorum
561 819 680 880 diversa
700 818 826 900 oppida,
847 829 949 892 tamen
968 817 1052 880 obvii
1073 831 1104 882 et
1126 823 1192 883 vio·

110 933 127 994 5
151 930 243 990 timas
265 939 356 1010 atque
377 949 444 990 aras
472 928 518 992 dis
543 928 685 991 manibus
719 925 887 990 statuentes
907 927 1039 990 lacrimis
1063 939 1094 990 et
1119 952 1191 991 con·
1283 973 1289 988 .

56 1015 65 1032 Ἀ
148 1028 384 1100 clamationibus
412 1039 552 1099 dolorem
590 1035 796 1100 testabantur.
848 1037 967 1102 Drusus
994 1035 1193 1099 Tarracinam

150 1163 330 1226 progressus
353 1156 399 1206 est
430 1165 501 1206 cum
525 1138 652 1207 Claudio
683 1145 775 1207 fratre
805 1143 971 1227 liberisque
997 1145 1193 1221 Germanici,

152 1255 207 1335 qui
221 1257 263 1346 ‘in
277 1254 362 1328 ‘urbe
383 1255 516 1316 fuerant.
559 1251 708 1316 Consules
732 1251 854 1315 Marcus
875 1252 1017 1316 Valerius
1046 1265 1076 1316 et
1099 1253 1194 1314 Gaius

152 1363 296 1426 Aurelius
312 1363 400 1438 *liam
433 1364 514 1424 enim
544 1361 755 1446 magistratum
786 1364 984 1443 acceperant)
1013 1371 1045 1424 et
1070 1373 1193 1424 senatus

150 1676 178 1714 Ἃ
240 1663 265 1716 6.
283 1659 452 1714 tarricincm
469 1655 506 1711 M.

239 1775 268 1826 9.
286 1758 342 1808 iam
361 1757 433 1806 enim
451 1753 641 1826 magistratum
661 1741 834 1824 acceperant]
853 1751 940 1822 Quam
967 1752 1092 1822 religiose
1111 1749 1193 1804 'l'aei-

116 1908 118 1912 ,
150 1861 195 1906 tas
215 1854 243 1904 iis
264 1851 459 1920 componendis
478 1847 521 1902 his
549 1846 629 1900 libris
647 1842 779 1920 annorum
803 1849 902 1901 seriem
933 1850 1051 1918 (quippe
1075 1849 1194 1899 annales
1228 1900 1229 1906 ,

151 1965 211 2000 esse
228 1963 274 1998 eos
295 1946 423 2016 volebat)
442 1953 550 2000 secutus
576 1943 631 2005 sit,
662 1955 733 2012 praa
753 1939 854 1997 'ceteris
883 1943 960 1996 tertii
988 1943 1053 1995 libri
1082 1943 1193 1993 initium

151 2043 283 2100 ostendit.
319 2042 386 2094 Nam
406 2050 552 2112 postquam
570 2039 605 2092 de
621 2039 788 2114 Agrippinae
806 2027 981 2109 navigatione
1000 2038 1119 2089 narratio
1141 2034 1193 2088 snb

151 2139 233 2189 finem
254 2137 320 2190 libri
340 2139 453 2192 secundi
470 2139 523 2209 (II,
543 2139 601 2208 79.)
629 2134 764 2204 abrupta,
787 2141 814 2187 et
845 2136 874 2188 in
900 2135 1009 2186 relicuis
1037 2117 1097 2186 eius
1128 2131 1194 2184 libri

153 2233 292 2303 capitibus
313 2235 393 2303 longe
413 2235 527 2293 diversa,
547 2247 617 2303 quae
635 2231 732 2285 eodem
745 2247 817 2283 anno
829 2247 958 2296 evenere,
980 2237 1106 2284 enarrata
1120 2233 1194 2288 sunt,

154 2334 184 2382 in
203 2331 269 2382 novi
288 2329 353 2383 libri
365 2328 522 2400 ’primordio
542 2330 675 2398 exponit,
702 2341 784 2398 quem
805 2326 833 2378 in
860 2327 949 2378 loe'um
970 2325 1010 2397 (in
1034 2309 1222 2400 Corcyranlt1

153 2440 224 2476 novo
243 2441 314 2476 auno
333 2403 448 2478 ineunte
466 2425 614 2494 Agrippina
632 2426 755 2476 venerit:
774 2437 837 2473 nam
863 2421 936 2472 bunc
958 2421 1059 2480 librum
1088 2436 1103 2468 a
1128 2415 1193 2466 novi

153 2519 216 2571 anni
235 2517 315 2572 rebus
349 2521 472 2588 incipere
504 2525 532 2570 et
567 2535 617 2588 per
644 2533 673 2570 se
697 2497 743 2570 est
767 2519 905 2568 versimile
923 2525 950 2566 et
969 2532 1002 2567 ex
1020 2517 1062 2582 bis
1082 2511 1193 2564 indiciis

153 2627 226 2672 certo
243 2619 393 2686 colligitur.
411 2616 590 2669 Germanicus
609 2621 732 2667 mortuus
744 2619 785 2662 est
797 2627 889 2660 mense
902 2611 1049 2662 Novembri
1057 2609 1192 2676 velpaulo

111 2762 116 2768 .
153 2715 248 2783 prius,
275 2723 307 2766 ut
333 2719 410 2784 patet
427 2709 474 2763 'ex
503 2712 616 2776 Sueten.
660 2711 744 2778 Calig.
769 2709 844 2776 cao.
875 2706 928 2759 Sed
950 2721 980 2760 ur
1004 2705 1108 2759 demum
1123 2703 1192 2773 fato

144 2813 273 2882 sunctum
290 2806 510 2877 (Germanicum)
530 2807 625 2876 polam
643 2803 767 2874 (Romae)
783 2800 888 2871 factum
908 2813 968 2860 est,
1002 2815 1060 2850 non
1083 2797 1192 2849 solatiis
1248 2783 1252 2790 ⁴

151 2904 232 2966 ullis,
261 2923 320 2956 non
348 2899 444 2956 edictis
470 2899 596 2956 inhiberi
613 2904 715 2972 {luctus
738 2901 869 2971 publicus
893 2899 999 2968 potuit,
1023 2895 1192 2966 duravitque

151 3003 234 3052 eriam
283 3019 334 3072 per
369 3001 461 3072 festos
486 2977 643 3053 Decembris
678 2998 777 3048 mensis
808 2993 875 3048 dies.
913 2991 1062 3061 Agrippina
1100 2997 1193 3042 autem
1250 3027 1255 3042 ,

152 3095 186 3147 etl
206 3096 297 3148 mariti
318 3111 415 3164 corpus
434 3095 487 3146 rite
505 3091 739 3150 comburendum,
757 3090 791 3142 ad
811 3089 977 3158 colligendas
1008 3102 1049 3138 res
1080 3084 1192 3154 prolici-

151 3177 442 3254 scc'nt'rnecessarias,
470 3191 505 3244 ad
524 3193 577 3242 iter
603 3206 636 3240 ex
664 3187 743 3240 Suria
771 3187 801 3237 in
820 3184 961 3252 Corcyram
991 3177 1193 3234 conficiendum
1273 3211 1275 3214 .

59 3338 62 3344 ,
151 3287 232 3338 facile
251 3285 305 3339 dno
327 3301 448 3349 menses,
471 3285 651 3338 Novembrem
670 3299 701 3334 ac
720 3281 915 3342 Decembrem,
936 3279 1028 3347 potuit
1046 3278 1192 3330 insumere.

151 3382 207 3434 lam
229 3384 321 3450 paucis
343 3385 406 3438 novi
424 3384 490 3434 anni
510 3379 607 3434 diebus
622 3353 662 3454 all
682 3383 801 3430 animum
821 3373 1038 3440 componendum
1060 3371 1193 3436 Corcyrae

152 3479 277 3546 sumptis,
294 3480 466 3549 navigatione
480 3478 515 3529 ad
525 3477 657 3548 oppidum
671 3475 843 3528 Brundisium
854 3481 882 3522 et
903 3473 1002 3522 itinere
1017 3468 1138 3520 terrestri
1149 3483 1192 3526 ¹ex

151 3567 295 3625 Calabriae
313 3575 367 3626 oris
397 3591 484 3642 usque
502 3573 537 3623 ad
564 3561 657 3624 urbem
692 3575 799 3623 Romam
833 3569 971 3638 perlecto,
1001 3563 1110 3614 iuterim
1136 3560 1191 3611 dno

152 3682 259 3718 menses
279 3685 309 3720 ac
328 3667 475 3723 nonnullos
495 3669 552 3720 dies
572 3663 705 3719 elllstxissc
732 3665 841 3718 iudico:
872 3679 1005 3730 namquo
1032 3661 1122 3709 minus
1139 3657 1192 3708 boc

152 3737 283 3828 tempbris
301 3766 418 3831 spatium
431 3765 526 3816 abillo
544 3763 574 3816 iu
587 3762 861 3828 Corcyramadventu
873 3757 1035 3827 praeterisse
1048 3756 1192 3821 accipiam,

152 3872 244 3926 neque
264 3857 344 3910 verbs
370 3857 425 3910 iam
453 3861 525 3912 enim
553 3859 745 3928 magistratum
772 3868 937 3926 occeperunt
968 3849 1133 3920 prohibent,
1163 3853 1193 3896 et

152 3966 223 4022 qsrae
243 3969 305 4004 mox
325 3961 477 4058 respuuntur
496 3954 563 4025 quia
585 3951 710 4006 ludorum
721 3931 899 4021 Megalesium
911 3947 1093 4020 spectaculum
1112 3942 1191 3994 sube-
