2900 4724
525 293 1261 375 mmfflwn'un

219 465 252 545 lo
274 494 344 549 ante
366 485 534 566 composito
559 485 717 546 incautum
738 485 953 564 venationique
976 483 1128 546 intentum
1161 485 1293 567 inter-(a
1312 495 1408 562 047.)

219 594 343 673 fecere,
366 595 495 676 primam
517 596 598 654 intre
610 595 776 668 iuventam,
796 593 848 654 sed
869 591 1052 652 claritudine
1064 597 1262 672 praticosintqr

219 723 326 764 senum
346 725 475 784 regurn,
499 704 523 764 si
545 701 670 785 perinde
694 723 828 762 amorem
863 702 944 761 inter
974 699 1135 782 populares
1172 723 1264 783 quum
1297 691 1304 698 ’

220 821 334 872 mettun
357 810 443 892 apud
460 809 560 872 hostes
581 809 788 892 quaesivisset.
829 809 917 870 Nece
936 808 1091 870 Vardanis
1122 811 1268 870 turbatae-

182 901 202 962 5
220 917 411 978 Parthorum
431 937 481 978 res
501 920 581 978 inter
601 919 777 999 ambiguos,
802 918 870 998 quis
894 920 926 976 in
954 939 1082 998 reg-num
1114 921 1264 997 accipere-

216 1035 280 1088 tur.
325 1025 417 1088 Multi
436 1024 474 1085 ad
489 1029 640 1092 Getarum
661 1025 873 1104 inclinabant,
896 1025 1023 1106 quidam
1041 1024 1081 1086 ed
1101 1026 1264 1098 lrlnlrerda-

195 1145 271 1196 ten
293 1135 412 1216 prolem
431 1135 595 1212 Phraatis,
620 1135 739 1198 obsidio
762 1137 849 1197 nobis
872 1136 990 1196 datum.
1034 1135 1112 1194 Dein
1137 1155 1265 1216 praeva-

217 1243 279 1304 luit
299 1245 458 1304 Gotarzes.
507 1245 686 1327 Poti-tusquc
707 1249 833 1326 regiam,
859 1265 913 1324 per
931 1245 1087 1305 saevitiam
1106 1265 1141 1302 ac
1162 1242 1267 1305 luxum

219 1350 322 1434 adegit
349 1351 481 1412 Parthos
504 1353 625 1416 mittere
655 1351 694 1413 ad
721 1356 889 1442 principem
923 1353 1094 1412 Romanum
1127 1351 1265 1412 occultas

165 1457 201 1500 ²⁰
223 1479 352 1541 preces,
374 1460 443 1541 quis
476 1460 614 1540 permitti
643 1457 844 1525 Meherdaten
881 1457 1020 1544 patrium
1044 1459 1087 1522 ed
1113 1459 1268 1542 fastigium

213 1565 371 1634 orabant„

165 1653 216 1736 11
304 1673 404 1742 isdem
425 1671 602 1736 oonsulibus
629 1671 695 1734 iudi
724 1672 895 1734 saeculares
926 1675 1172 1755 octingentesimo
1202 1687 1268 1755 post

223 1785 352 1844 Romam
377 1763 551 1860 conditam,
581 1791 690 1864 quarto
715 1792 746 1842 et
769 1781 954 1864 sexagesimo
986 1805 1077 1865 quam
1111 1783 1269 1863 Augustus

221 1890 382 1969 ediderat,
405 1889 532 1971 spectati
553 1900 633 1952 eunt.
674 1888 845 1971 Utriusque
862 1891 1015 1973 principis
1035 1896 1168 1958 rationes
1185 1911 1267 1972 puae·

114 2001 118 2020 ¹
169 1988 206 2053 15
225 1999 382 2074 termitto,
404 1999 476 2060 satis
497 2008 634 2058 narratas
655 1996 752 2074 libris,
774 1999 884 2078 quibus
909 2022 963 2060 res.
978 1991 1169 2080 imperatoris
1184 2000 1267 2058 ’‘Dos

221 2105 340 2166 mitiani
362 2107 553 2187 composui.
572 2105 684 2172 Nam
676 2127 701 2166 ts
722 2127 846 2190 quoque
868 2107 963 2170 edidit
984 2107 1072 2168 ludos
1089 2104 1198 2170 saecul
1200 2127 1266 2184 rues

222 2214 321 2292 iisque
343 2214 496 2273 intentius
509 2211 581 2272 affini
605 2213 778 2300 sacerdotio
804 2214 1073 2295 quindecimvirali
1091 2215 1262 2297 praeditus,

221 2337 256 2380 ec
281 2325 355 2378 tuuc
377 2299 511 2400 praetdr.
553 2318 647 2397 Quod
684 2339 747 2380 non
780 2320 930 2380 iactantia
955 2322 1075 2394 refero,
1109 2323 1166 2385 sed
1193 2327 1310 2416 quias'

221 2425 350 2508 collegio
372 2426 664 2508 quindecimuirum,
668 2429 846 2510 antiquitus
876 2451 914 2489 ea
940 2451 1030 2505 curn,
1055 2444 1090 2491 et·
1107 2434 1266 2514 magistra

164 2549 204 2598 ιο
224 2544 271 2594 tus
292 2533 481 2614 potissimum
503 2533 743 2614 exsequebantur
765 2532 867 2598 officia
892 2533 1157 2598 caerimoniarum.
1210 2538 1264 2596 Se·

181 2685 183 2694 ι
223 2639 316 2701 dente
337 2641 467 2706 Claudio
482 2641 673 2701 circensibus
699 2639 798 2716 ludis,
831 2659 901 2701 cum
934 2640 1019 2720 pueri
1041 2641 1158 2702 nobiles
1180 2647 1270 2725 equis,

200 2737 381 2814 'ludicrum
406 2751 519 2810 Troiae
537 2749 676 2822 inirent,
700 2751 840 2828 interque
869 2769 919 2808 cos
951 2747 1143 2811 Britannicus
1169 2754 1266 2833 irnp'e·

138 2835 140 2839 V
224 2869 327 2921 ratorc
362 2859 480 2942 genitus
511 2867 543 2918 et
565 2859 679 2926 Lucius
701 2857 853 2916 Domitius
875 2855 1041 2938 adoptione
1063 2863 1133 2916 inox-
1161 2860 1197 2934 in¹
1213 2863 1267 2919 im·

221 2967 344 3050 perium
366 2979 398 3029 et·
428 2977 662 3049 cognomentum
695 2966 837 3030 Neronis.
863 2965 1020 3039 adscitus,
1053 2966 1142 3033 favor
1172 2967 1282 3050 plebis]

308 3293 332 3360 5.
355 3291 386 3342 ἰιι
404 3305 517 3362 regnum
534 3284 657 3357 Lipsius:
679 3289 716 3339 ιἰι
731 3303 818 3357 regno
837 3287 880 3340 Μι
895 3303 927 3338 ac
946 3288 1051 3340 relicui.

293 3401 332 3453 ¹7·
350 3385 428 3459 itque
446 3383 580 3434 intentius
598 3375 688 3449 offuit
691 3379 747 3430 Μᾶ

297 3477 337 3531 ι8.
355 3495 390 3540 ac
408 3488 475 3528 tunc
492 3469 619 3544 praetor]
642 3471 725 3541 Quod
744 3479 808 3525 auto
828 3468 979 3526 bellorum
997 3479 1089 3528 contra
1111 3474 1177 3526 libri
1203 3476 1262 3528 Me

222 3571 292 3628 dicei
312 3571 501 3632 auctoritatem
520 3567 600 3636 vulgo
620 3565 720 3634 legitur
741 3583 774 3618 ac
791 3579 854 3622 tum
863 3579 1001 3638 praetor,
1007 3567 1035 3618 id
1055 3563 1180 3634 ’1,ἰιιί1ιιιιι
1157 3581 1271 3640 ωροιι

222 3661 406 3720 sacerdotium
424 3661 670 3734 quindecimvirale
689 3670 815 3729 praetura
833 3661 957 3715 functum
977 3678 1035 3714 esse
1054 3664 1075 3714 si
1079 3664 1158 3732 gnido
1152 3670 1196 3722 ·,ar
1216 3663 1265 3714 ced

223 3755 252 3808 id
271 3771 346 3822 secus
366 3756 449 3816 luisse
465 3763 543 3836 patet
559 3773 592 3808 ex
611 3757 702 3820 verbis
721 3769 746 3812 ct
760 3759 937 3828 magistratus
949 3758 1118 3827 potissimum
1133 3775 1266 3827 enseque

225 3851 331 3920 lentur
348 3853 442 3924 officia
460 3851 700 3916 caerimoniarum.

294 3966 342 4019 aa
353 3948 541 4008 brittannicae
554 3946 597 3998 Μ
612 3950 688 4020 ,qni
703 3962 809 4024 sempor
823 3945 931 4018 duplice
945 3959 969 4010 t,
983 3947 1084 4006 alieubi
1102 3946 1224 4016 simplice
1238 3962 1266 4002 ιι,
