2862 4726
246 241 308 345 rut
475 196 495 212 ..
675 235 887 301 xuuxnxuu

95 421 385 505 (tenelluvieque
413 427 457 484 ac*
469 422 611 506 squalore
641 421 759 484 obsitus
786 433 817 484 et
838 432 905 483 tum
933 429 1040 482 eatena
1061 423 1182 482 vinetus
1200 430 1280 502 pater

240 541 347 592 orante
369 529 451 592 filio:
480 526 678 611 praeparbtus
698 511 877 590 adulescens
897 527 1000 590 multis
1022 529 1198 607 munditiis,
1220 527 1279 586 ala·

238 642 285 702 cri
307 639 422 712 vultu,
456 647 587 698 structas
616 637 746 720 principi
771 637 921 712 insidias,
951 639 1057 698 missos
1091 642 1121 700 in
1153 636 1280 698 Galliam

160 811 164 823 ⁸
237 747 411 808 concitores
433 743 508 806 belli
536 744 627 806 index
660 745 740 804 idem
761 756 790 806 et
811 747 896 806 testis
917 745 1039 806 dicebat
1052 777 1070 822 ,·
1085 744 1279 818 adnectebat·

238 835 484 936 queCaecilium
506 854 680 914 Cornutum
701 853 893 935 praetorium
913 854 1135 916 ministravisse
1156 843 1310 938 pecual-5

173 1037 178 1050 ἢ
238 985 308 1041 am;
331 965 386 1046 qui
406 961 509 1026 taedio
543 945 707 1036 curarum,
741 971 773 1022 et
802 963 875 1044 quia
906 961 1079 1044 periculum
1105 987 1163 1048 pro
1192 965 1280 1026 exitio

237 1070 431 1144 habebatur,
454 1080 586 1132 mortem
608 1069 640 1131 in
662 1091 693 1130 se
714 1069 880 1132 festinavit.
921 1069 965 1131 At
986 1083 1094 1134 contra
1114 1095 1183 1135 reus
1205 1071 1279 1134 nihil

160 1199 168 1216 “
236 1178 366 1244 infracto
388 1177 510 1253 animo,
532 1177 680 1240 obversus
704 1170 737 1240 in'
753 1179 850 1242 filium
872 1190 998 1262 quatere
1026 1182 1143 1258 vincla,
1168 1201 1278 1244 vocare

235 1285 349 1350 ultores
369 1286 441 1348 deos
448 1335 457 1366 ,
480 1297 514 1348 ut
535 1289 592 1349 sibi
606 1287 731 1370 quidem
748 1288 921 1350 redderent
934 1279 1080 1364 exsilium,
1101 1291 1152 1350 ubi
1172 1289 1276 1374 procul

235 1392 290 1458 tali
312 1417 399 1457 more
421 1407 535 1478 ageret,
558 1395 653 1460 filium
675 1397 982 1479 autern'quandoquc
1003 1395 1151 1480 supplicia
1168 1421 1272 1482 seques
1297 1416 1326 1454 ¹0

235 1515 359 1577 rentur„
404 1503 669 1586 Asseverabatque
687 1505 884 1566 innocentem
903 1487 1076 1564 Cornutum
1093 1515 1122 1566 et
1137 1504 1213 1566 falsa
1233 1527 1276 1566 cx·
1303 1489 1305 1495 ¹

235 1613 401 1692 territum3
422 1611 515 1694 idque
534 1611 622 1674 facile
643 1609 822 1687 intellectu,
848 1613 873 1672 si
893 1612 1097 1695 proderentur
1121 1611 1191 1672 alii:
1216 1633 1274 1672 non

236 1723 317 1784 enim
332 1741 363 1782 se
379 1720 505 1782 caedem
523 1722 669 1803 principis
683 1708 719 1782 ¹et
739 1743 788 1782 res
812 1741 907 1782 novas
930 1741 993 1781 uno
1014 1723 1094 1782 socio
1116 1721 1275 1804 cogitasse.

235 1831 319 1894 Tum
353 1839 510 1906 accusator
536 1829 677 1890 Gnaeum
703 1825 870 1888 Lentulum
898 1838 928 1887 et
949 1828 1050 1888 Seium
1080 1820 1325 1901 Tuberonemssl)

233 1942 397 2013 nominat,
418 1957 530 2018 magno
547 1935 669 2018 pudore
699 1935 853 2010 Caesaris,
878 1954 948 1994 cum
971 1937 1115 2016 primores
1139 1925 1279 2016 civitatis,
1297 1925 1329 1989 ¹5

234 2049 335 2108 intimi
352 2043 446 2128 ipsius
467 2042 580 2120 amici,
601 2041 751 2103 Lentulus
774 2041 941 2102 senectutis
966 2043 1137 2118 extremae,
1154 2041 1282 2102 Tubero

232 2152 354 2214 delecto
376 2171 527 2232 corpore,
551 2151 700 2226 tumultus
727 2149 844 2218 hostilis
870 2159 900 2210 et
929 2147 1101 2209 turbandae
1136 2151 1180 2210 rei
1203 2149 1282 2232 pub·

232 2259 311 2322 licee
339 2269 575 2324 arcesserentur.
618 2257 678 2320 Sed
707 2257 741 2319 hi
772 2257 896 2351 quidem
927 2257 1028 2318 statim
1061 2259 1202 2338 exempti.
1245 2259 1280 2317 ln

168 2383 170 2388 ⁴
232 2378 353 2450 patrem
369 2387 403 2426 ex
418 2365 511 2426 servis
529 2367 718 2447 quaesitum,
742 2375 773 2428 et
793 2365 931 2448 quaestio
954 2365 1083 2426 adversa
1105 2365 1278 2426 accusatori

170 2499 172 2504 ’
231 2475 300 2536 fuit.
346 2475 408 2552 Qui
427 2471 540 2534 scelere
563 2495 679 2551 vecors,
704 2473 795 2534 simul
815 2473 897 2554 vulgi
922 2495 1047 2537 rumore
1068 2474 1205 2552 territus,
1230 2495 1279 2534 ro·
1297 2486 1331 2527 ao

230 2583 292 2649 bur
316 2593 349 2646 ct
369 2603 474 2644 saxum
499 2561 552 2643 aut
572 2581 797 2664 parricidarum
809 2603 922 2664 poenas
944 2581 1163 2661 minitantium,
1176 2583 1280 2642 cessit

230 2684 321 2760 urbe.
365 2691 413 2752 Ac
426 2691 737 2758 retractusllavenna
759 2691 881 2772 exsequi
901 2691 1124 2750 accusationem
1143 2687 1280 2773 adigitur

107 2829 111 2840 t
233 2822 296 2862 non
322 2799 496 2863 occultante
516 2799 642 2868 Tiberio
663 2807 750 2860 vetus
772 2797 877 2856 odium
902 2797 1046 2860 adversus
1068 2790 1200 2857 exsulem
1218 2799 1278 2858 Se.

165 2887 166 2890 Ἴ
230 2929 350 2970 renum.
395 2911 474 2970 Nam
496 2919 565 2990 post
583 2887 761 2968 damnatum
782 2907 932 2966 Libonem
948 2908 1044 2966 missis
1067 2905 1106 2966 ad
1118 2905 1278 2968 Caesarem

184 3008 347 3095 stlitleris
379 3016 614 3098 exprobraverat
650 3035 740 3076 suum
772 3025 893 3079 tantum
916 3014 1140 3076 studium-sine
1169 3015 1276 3076 fructu
1295 3005 1330 3067 ²5

230 3124 341 3200 fuisse,
366 3123 586 3204 addideratque
609 3121 760 3203 quaedam
789 3122 1022 3200 contumacius,
1050 3107 1141 3204 quatu
1173 3133 1279 3182 tutum

231 3229 314 3310 apud
333 3249 422 3292 aures
447 3228 594 3310 superbas
623 3239 653 3288 et
680 3225 839 3291 offensioni
863 3229 1035 3308 proniores.
1090 3229 1134 3289 Ea
1164 3231 1277 3310 Caesar

127 3413 132 3423 l
230 3349 302 3418 octo
325 3348 394 3420 post
417 3359 511 3398 annos
535 3335 675 3409 rettulit,
698 3335 833 3408 medium
864 3345 985 3417 tempus
1014 3336 1100 3398 varie
1118 3359 1274 3420 arguens,

210 3444 322 3531 ,etiam
348 3445 373 3506 si
394 3453 549 3506 tormenta
562 3442 736 3526 pervicacia
762 3459 922 3500 servorum
951 3449 1060 3499 contra
1088 3443 1276 3505 evenissent.

138 3531 139 3538 i
229 3553 330 3615 Dictis
353 3553 424 3614 dein
447 3551 629 3626 sententiis,
663 3560 697 3608 ut
718 3549 852 3608 Serenus
882 3567 966 3607 more
995 3549 1148 3608 maiorum
1178 3551 1271 3630 puni·
1259 3545 1330 3624 ·30

230 3673 337 3741 retur,
358 3683 419 3744 quo
440 3657 570 3720 molliret
596 3653 760 3728 invidiam,
788 3653 968 3716 intercessit
1011 3651 1117 3715 Gallus
1146 3657 1277 3718 Asinius
1400 3643 1402 3776 l

230 3771 333 3854 Gyaro
354 3781 408 3836 aut
432 3770 556 3828 Donusa
576 3761 781 3824 claudendum
802 3779 873 3823 cnm
906 3773 1059 3844 censeret,
1088 3763 1119 3824 id
1126 3783 1276 3866 quoque
1401 3843 1402 3938 ,

229 3875 512 3894 mmm-

301 3931 345 3983 32.
364 3937 424 3980 cum
442 3921 546 4005 omittit
565 3921 612 3988 Μς
633 3917 736 3973 adiecit
754 3917 887 3973 Muretus.
951 3981 956 3988 .
1107 3961 1136 3990 ,.
