2862 4726
1234 181 1241 212 l

463 267 540 334 uta.
560 267 616 328 Vl.
661 268 748 328 CAP·
774 267 907 336 40-44·
928 305 942 336 ·.
1107 335 1119 380 t
1139 270 1200 334 tos

165 451 347 538 primoribus
362 453 495 514 tradidit
516 475 558 514 ex.
570 475 625 514 suo
648 473 725 514 usu:
750 473 821 513 nam
842 453 946 536 populi
968 450 1129 534 imperium
1145 453 1205 511 iux·
1221 446 1248 519 (²
1265 445 1357 514 ⁶0³⁶)

95 558 98 564 ’
165 571 196 622 ta
217 558 397 638 libertatem,
419 567 587 642 paucorum
610 558 776 620 dominatio
801 559 908 639 regiae
928 557 1050 618 libidini
1077 549 1205 638 ¹propior

149 679 221 736 est.
263 667 343 727 Tum
362 666 578 727 adventantem
593 664 750 724 Tiridaten
772 661 921 724 extollunt
942 673 1083 726 veterum
1097 685 1205 746 uagum

165 775 345 855 honoribus,
371 789 402 838 et
421 797 497 858 quos
518 795 623 836 recens
644 780 726 834 aeta's
744 773 856 856 largius
877 775 1007 851 invenit3
1033 773 1123 833 simul
1139 795 1206 855 pro·

132 882 149 946 5
167 881 222 942 bra
240 885 271 942 in
291 875 485 944 Artabanum
508 880 695 956 fundebant,
719 891 858 942 materna
886 883 1005 962 origine
1023 879 1216 957 Arsaciden„

166 1003 265 1054 cetera
286 991 478 1076 degenerem.
497 991 650 1052 Tiridates
672 1013 739 1054 rem
761 993 973 1054 Seleucensem
995 989 1108 1074 populo
1130 1006 1207 1070 per·

166 1105 268 1164 mittit.
312 1104 382 1162 Mox
403 1099 576 1162 consultans
596 1119 729 1183 quonam
749 1101 801 1161 die
826 1100 963 1162 solennia
992 1101 1080 1182 regni
1109 1095 1230 1181 capes!

167 1221 265 1287 seret,
288 1207 402 1269 litteras
417 1207 557 1268 Phraatis
581 1218 612 1268 et
625 1207 789 1286 Hieronis,
812 1211 866 1290 qui
890 1207 1088 1269 validissimas
1112 1229 1209 1290 praev
1254 1273 1257 1296 ,R

135 1298 136 1302 Ἰ
167 1316 299 1376 lecturas
318 1312 516 1390 obtinebant,
535 1314 658 1394 accipit,
694 1314 822 1387 brevem
859 1333 976 1372 moram
1003 1317 1210 1393 precantium

118 1448 151 1488 ro
167 1421 382 1504 Placitum'que
409 1423 544 1506 opperiri
573 1422 657 1481 viros
687 1419 928 1501 praepollentis,
962 1429 1057 1503 atque
1084 1423 1210 1485 interim

169 1530 336 1613 Ctesiphon
358 1529 445 1590 sedes
466 1529 588 1610 imperii
610 1527 715 1610 petita.
759 1527 820 1587 Sed
838 1526 892 1586 ubi
914 1527 995 1587 diem
1009 1549 1050 1593 ¹ea
1073 1529 1124 1590 die
1143 1535 1213 1614 pro.'
1278 1521 1280 1524 ’

169 1641 327 1713 lambant,
363 1635 467 1698 multis
496 1657 601 1697 coram
629 1646 660 1696 et
691 1634 936 1717 approbantibus
966 1635 1097 1696 Surena*
1112 1641 1212 1718 patrio

114 1741 256 1825 dssmore
276 1747 434 1808 Tiridaten
456 1745 568 1826 insigni
593 1747 676 1826 regio
698 1743 826 1806 evinxit.
853 1746 896 1804 Ac
918 1745 942 1804 si
964 1746 1064 1804 statim
1083 1742 1234 1804 interio-x

127 1834 130 1839 .
171 1881 207 1920 ra
228 1865 408 1938 ceterasque
422 1856 559 1916 nationes
576 1857 743 1936 petivisset,
766 1875 909 1936 oppressa
922 1836 1134 1914 cunctantium
1156 1851 1215 1912 du·

27 1989 32 1994 ·
111 1968 149 2034 15
166 1961 277 2026 bitatio
297 1974 327 2024 et
346 1982 454 2024 omnes
475 1963 507 2020 in
534 1983 633 2024 aunum
652 1961 821 2032 cedebantt
856 1961 1018 2022 assidendo
1036 1959 1211 2036 castellum,

172 2073 204 2132 in
227 2069 312 2154 quod
332 2071 546 2151 pecuniam'et
568 2068 689 2151 pellices
712 2069 886 2130 Artabanus
913 2068 1109 2148 contulerat,
1131 2068 1216 2129 dedit
1249 2149 1259 2162 Ι

170 2182 301 2262 spatium
319 2167 450 2240 exuendi
471 2191 567 2260 pacta.
609 2175 689 2252 Nam
711 2179 857 2242 Phraates
881 2189 913 2241 et
928 2179 1023 2242 Hiero
1035 2229 1045 2258 ,
1066 2189 1097 2240 et
1118 2179 1215 2260 siqui

171 2289 224 2350 alii
250 2288 401 2350 delectum
426 2287 574 2370 capiendo
597 2287 762 2349 diademati
785 2289 867 2350 diem
889 2287 971 2383 haud
989 2288 1215 2352 concelebrare·
1266 2348 1278 2379 x

169 2407 261 2474 rant,
285 2415 355 2476 pars
377 2405 460 2459 metu
475 2440 484 2470 ‚
500 2393 625 2476 quidam
646 2395 764 2456 invidia
784 2397 815 2456 in
838 2396 1041 2480 Abdagesen‚
1073 2398 1125 2480 qni
1148 2406 1215 2475 tum

111 2531 152 2572 20
172 2502 241 2566 aula
260 2514 392 2566 etnovo
414 2525 484 2586 rege
503 2502 698 2584 potiebatur,
722 2505 762 2565 ad
784 2506 977 2567 Artabanum
1002 2517 1137 2568 vertere.
1170 2507 1229 2566 ls·'

135 2625 138 2634 ’
172 2633 233 2696 que
254 2612 285 2672 in
310 2612 462 2694 Hyrcanis
485 2620 625 2693 repertus
647 2621 709 2686 est,
740 2609 847 2685 illuvie
875 2612 993 2674 obsitus
1019 2625 1048 2672 et
1072 2615 1217 2674 alimenta

173 2745 247 2784 arcu
267 2722 440 2804 expediens.
482 2723 526 2782 Ac
540 2719 641 2803 primo
665 2732 811 2802 tanquam
838 2720 926 2782 dolus
947 2734 1128 2808 pararetur,
1151 2733 1216 2782 ten·

172 2829 265 2907 ritus,
287 2827 341 2888 obi
361 2827 432 2888 data
449 2826 524 2888 fides
545 2825 719 2886 reddendae
734 2825 938 2888 dominationi
952 2830 1080 2905 venisse,
1101 2829 1218 2890 alleva-

172 2945 226 2997 tur
241 2937 387 3009 animum,
403 2943 435 2993 et
454 2953 533 3014 quae
558 2932 719 3012 repentina
737 2935 864 2994 mutatio
878 2933 1016 3018 exquirit.
1054 2936 1134 2994 Tum
1150 2937 1218 2997 Hie·

113 3057 154 3120 25
173 3066 210 3105 ro
228 3042 390 3126 pueritiam
411 3039 558 3112 Tiridatis
575 3040 727 3122 increpat,
750 3060 850 3123 neque
864 3064 953 3124 penes
977 3045 1142 3106 Arsaciden
1160 3047 1219 3104 im-

173 3153 309 3232 perium,
329 3149 383 3210 sed
401 3150 492 3210 inane
517 3169 628 3208 nomen
653 3149 733 3230 apud
755 3149 907 3212 imbellem
929 3133 1053 3214 externa
1076 3153 1218 3232 mollitia,

117 3260 240 3356 Wlm
261 3257 292 3318 in
315 3249 480 3336 Abdagesis
502 3257 602 3318 domo.
645 3231 743 3318 S'ensit
757 3289 759 3294 ·
773 3255 863 3318 vetus
890 3261 1040 3340 regnandi
1069 3263 1160 3324 falsos
1188 3265 1219 3324 in

177 3387 281 3449 amors
301 3364 371 3426 odia
393 3385 455 3435 non
479 3354 606 3448 fingere.
651 3365 714 3424 Nec
746 3365 825 3426 ultra
847 3377 1003 3445 moratus,
1029 3389 1120 3450 quam
1145 3371 1219 3432 dum

177 3501 454 3518 Μ

251 3551 289 3601 ι8.
308 3547 374 3601 itaci
391 3548 432 3600 M:
450 3545 529 3600 haud
544 3545 670 3599 Pichena.
1302 3611 1305 3621 V

253 3641 465 3712 19„‚alvdacesen
484 3643 523 3706 M,
542 3637 606 3696 mdx
623 3659 665 3710 27·
678 3649 705 3696 et
723 3659 749 3712 p.
769 3645 830 3708 266,
853 3641 1092 3717 12·,Abdcagnesis,'
1110 3664 1136 3716 p.
1158 3647 1221 3710 266,

181 3743 221 3794 16.
243 3736 426 3806 obdagaesen.

248 3833 290 3884 ab,
309 3830 469 3886 Arsacidem
485 3837 586 3906 vulgo:
606 3832 761 3913 Arsaciden
782 3835 885 3902 exlltl)
905 3820 1049 3889 aelianus.

250 3931 290 3982 28.
311 3923 385 3998 dunel
409 3938 463 3978 tom
483 3927 530 3999 M;
551 3931 668 3983 correxit
686 3930 840 3982 Rhenanus.
