2826 4730
159 339 255 409 ‘⁹4
460 343 508 384 ·,
621 337 833 414 lunanum

63 531 130 604 (²C·
147 532 197 604 ¹⁶)
211 533 310 614 sitque
330 532 485 611 Tiberius,
508 543 537 594 et
559 556 627 596 cum
647 534 770 618 paulum
793 536 982 612 reticuisset,
1007 535 1136 596 Hortalo
1156 556 1187 594 se
1211 557 1261 622 re-

215 639 372 722 spondisse
389 641 452 702 aite
483 651 619 702 ceterum
651 645 676 702 si
699 641 836 724 patribus
856 641 1033 718 videretur,
1056 641 1199 702 daturum
1224 644 1262 704 li·

215 749 296 811 beris
318 749 383 812 eius
402 750 520 812 ducena
544 754 679 814 sestertia
701 751 839 834 singulis,
862 754 915 834 qni
936 773 1021 813 sexus
1042 752 1139 812 virilis
1152 763 1263 818 essent.

215 859 314 941 Egere
334 861 384 922 atii
407 872 524 943 grates:
547 860 631 922 siluit
653 861 814 938 Hortalus,
841 883 970 943 pavore,
994 883 1031 921 an
1054 864 1154 922 avitae
1176 862 1260 920 nobi·
1293 913 1299 920 .
1399 919 1400 932 ,

215 964 308 1027 litatis
330 967 420 1028 etiam
444 969 524 1029 inter
546 967 701 1052 angustias
721 967 862 1030 fortunae
883 971 1031 1029 retinens.
1075 968 1179 1050 Neque
1204 969 1294 1034 nri-5
1399 995 1400 1040 ,

181 1123 183 1130 .
216 1085 336 1136 senatus
357 1055 401 1136 est
423 1076 548 1158 posthac
573 1076 726 1152 Tiberius,
748 1078 888 1159 quamvis
907 1077 1016 1138 domus
1029 1077 1182 1138 Hortensii
1206 1097 1262 1158 pu·

217 1179 349 1242 tiendum
368 1180 406 1240 ad
428 1182 561 1263 iuopia'm
586 1181 789 1244 delaberetur.
1287 1253 1288 1258 η

297 1287 414 1349 Eodem
436 1311 516 1350 auno
540 1291 681 1372 mancipii
703 1271 795 1350 unius
815 1289 960 1365 audacia,
994 1293 1025 1350 ni
1047 1301 1165 1350 mature
1186 1281 1314 1360 sub-39

215 1407 343 1460 ventum
372 1399 469 1488 foret,
502 1399 663 1460 discordiis
697 1401 848 1480 armisque
879 1399 1018 1460 civilibus
1055 1419 1118 1459 rem
1156 1398 1261 1480 publi-

215 1529 281 1570 cam
302 1507 486 1594 perculisset,
529 1507 669 1569 Postumi
696 1507 852 1592 Agrippae
875 1530 998 1586 servus,
1030 1511 1153 1568 nomine
1188 1505 1258 1567 Cle.
1275 1522 1311 1562 ro

209 1601 312 1685 inens,
335 1621 496 1697 comperto
517 1615 576 1675 fine
599 1615 727 1696 Augusti
749 1621 874 1696 pergere
890 1614 922 1674 in
942 1613 1073 1676 insulam
1084 1615 1261 1677 Planasiam

215 1733 247 1786 et
268 1723 374 1785 fraude
395 1734 448 1784 eut
467 1725 498 1785 vi
519 1733 639 1806 raptum
663 1723 828 1806 Agrippam
850 1725 929 1786 serre
949 1725 990 1786 ad
1012 1727 1161 1786 exercitus
1181 1725 1261 1784 Ger·

215 1830 352 1894 manicos
376 1850 439 1894 non
461 1831 564 1894 servili
585 1834 688 1893 animo
711 1833 859 1915 concepit.
908 1835 991 1894 Ausa
1016 1837 1079 1894 eius
1099 1831 1261 1916 impedivit

209 1941 343 2002 'tarditas
364 1944 521 2003 onerariae
538 1939 654 2020 uaris}
688 1951 780 2024 atque
809 1944 931 2003 interim
952 1954 1072 2028 patratu
1102 1943 1195 2004 caede
1222 1942 1262 2002 ad

217 2049 333 2110 maiora
352 2059 381 2108 et
401 2052 496 2132 magis
507 2047 687 2130 praecipitia
697 2038 867 2111 conversusl
873 2051 1001 2112 'furatur
1021 2053 1159 2128 cineres,
1183 2071 1256 2114 vecae
1277 2048 1314 2112 15

217 2166 328 2238 tusque
358 2156 468 2216 Cosam
500 2153 645 2216 Etruriae
667 2143 926 2232 'promontorium
959 2149 1068 2230 ignotis
1095 2151 1170 2212 locis
1197 2173 1263 2214 sese

218 2265 326 2339 abdit,
351 2265 450 2325 donec
472 2265 589 2326 crinem
612 2261 805 2344 barbamque
824 2247 1038 2343 promitteret?
1063 2279 1134 2326 nen
1161 2270 1262 2321 aetate

218 2383 249 2454 et
270 2373 368 2432 sorma
391 2371 475 2434 baud
494 2371 638 2433 dissimili
654 2369 685 2430 in
711 2369 871 2430 dominum
892 2375 968 2431 erat.
1010 2366 1094 2426 Tum
1116 2388 1172 2448 per
1193 2367 1261 2429 ido-

198 2501 292 2542 ⁴nens
314 2491 344 2540 et
363 2479 471 2541 secreti
495 2483 560 2542 eius
581 2467 676 2541 socius
698 2479 865 2551 crebrescit
876 2475 1177 2559 vivereAgrippam,
1203 2497 1260 2536 oc-

126 2607 128 2622 *
197 2586 307 2674 ¹cultis
330 2587 465 2669 primum
488 2585 687 2662 sermonibus,
710 2593 745 2645 ut
769 2583 865 2645 vetita
886 2581 994 2659 solent,
1018 2604 1086 2643 mox
1106 2605 1184 2667 vago
1204 2607 1314 2649 runo

219 2688 304 2758 more
319 2693 401 2776 apud
421 2691 640 2776 imperitissimi
662 2693 809 2774 cuiusque
830 2696 989 2770 promptas
1008 2707 1096 2750 aures
1119 2700 1172 2750 aut
1191 2711 1262 2751 rur-

213 2817 285 2881 sum
311 2803 394 2885 apud
406 2801 552 2864 'turbidos
575 2820 765 2884 eoqucnovc
784 2797 951 2879 cupientes.
977 2799 1080 2881 Atque
1097 2797 1160 2879 ipse
1174 2797 1263 2859 adire

201 2885 388 2994 ¹municipia
410 2910 542 2984 obscuro
564 2909 633 2987 diei,
654 2929 753 2989 neque
772 2905 931 2989 propalam
952 2908 1056 2989 aspici,
1079 2927 1178 2987 neque
1192 2905 1262 2964 diu-

135 3075 137 3082 ,
219 3020 280 3078 tius
299 3019 393 3078 isdem
414 3015 497 3082 locis.
539 3015 601 3078 Sed
622 3017 693 3097 quia
713 3015 825 3075 veritas
848 3013 915 3074 visu
944 3023 974 3073 et
994 3034 1098 3085 mora,
1119 3013 1193 3074 falsa
1216 3013 1262 3073 l'e-

222 3127 385 3187 stinatiune
409 3135 440 3186 et
452 3125 577 3185 incertis
592 3121 762 3197 valescunt,
777 3105 969 3201 relinquebat
982 3120 1094 3180 lamam
1105 3130 1158 3180 out
1174 3141 1261 3200 prae·
1271 3119 1313 3181 25

161 3213 163 3221 Α
222 3235 372 3302 veniebat.
396 3233 590 3316 Vulgabatur
611 3233 733 3292 interim
756 3252 811 3312 per
834 3229 952 3290 Italiam
975 3242 1131 3294 servatum
1153 3217 1322 3300 mune-40

223 3363 257 3401 re
278 3340 368 3403 deum
394 3337 581 3421 Agrippam,
612 3338 795 3398 credebatur
826 3339 960 3420 Romae3
993 3335 1115 3417 iamque
1142 3335 1263 3396 Ostiam

114 3451 117 3466 '
220 3447 374 3508 invectum
397 3447 560 3509 multitudo
583 3449 700 3531 ingens,
724 3448 784 3507 iam
808 3447 841 3508 in
862 3447 946 3508 urbe
956 3445 1136 3509 clandestini
1158 3454 1265 3506 coetus

219 3555 427 3633 celebrabant,
447 3576 517 3616 cum
539 3555 699 3648 Tiberium
720 3574 829 3636 anceps
860 3575 937 3615 cura
969 3551 1160 3632 distrahere,
1187 3549 1264 3614 ¹viuu

236 3728 527 3746 ------
930 3717 935 3726 .
1236 3623 1250 3755 l

249 3897 251 3902 y
305 3833 327 3900 7'.
348 3828 521 3882 dilaberetur
540 3829 584 3880 M:
607 3826 784 3881 delaberetur
802 3829 955 3884 Ernestius.

293 3927 332 4006 16τ
354 3940 447 3978 coram
460 3923 511 3972 M:
533 3922 629 3972 Cosam
649 3920 767 3988 Lipsius.

290 4020 330 4070 au.
350 4012 453 4088 coetus}
475 4027 553 4067 catur
574 4012 617 4067 M:
641 4025 715 4067 cetus
732 4013 795 4063 Mn.
