2862 4730
208 253 229 321 4
412 288 414 294 r
616 252 828 315 ANNALIUM
871 263 875 271 ‘

206 459 263 520 pus
282 435 490 497 sumebantur.
533 433 649 516 'Neque
671 431 883 496 decemviralis
906 445 1035 516 potestas
1053 434 1134 497 ultra
1156 436 1245 498 bien·

158 596 161 604 ,
206 545 308 620 nium,
347 565 444 625 neque
465 521 662 604 tribanornm
687 543 817 604 militum
839 543 996 605 consulare
1015 545 1063 605 ius
1083 543 1137 604 diu
1158 545 1244 606 valu-

206 655 240 712 it.
284 652 353 712 Non
376 653 493 724 Cinnae
514 674 575 719 non
596 653 701 716 Sullae
722 655 813 736 longa
834 655 1021 746 dominati03
1048 659 1084 715 'et
1105 631 1258 738 Pompeii

205 755 368 840 Crassique
389 764 527 841 potentia
549 765 609 823 cito
630 765 663 822 in
679 764 857 840 Caesarem,
881 763 990 846 Lepidi
1009 754 1105 846 etque
1113 762 1243 828 Antonii

187 877 292 928 ‘arma
313 871 359 942 in(
368 857 539 952 Augustum
560 891 701 948 cessere,
725 875 778 955 qui
798 881 909 932 cuncta
930 871 1090 934 discordiis
1100 871 1270 938 civilibus5

203 1146 355 1197 tenderunt
373 1144 448 1214 quod
466 1148 602 1208 eiusmodi
621 1150 786 1216 scriptores,
809 1147 904 1216 quales
923 1128 987 1198 eunt
1005 1145 1150 1203 Sallentina
1168 1147 1242 1202 Livi·
1306 1175 1314 1190 ι

189 1259 235 1294 rus
255 1241 388 1316 Tacitae,
408 1248 466 1290 tum
485 1241 596 1308 ingenio
616 1257 665 1290 suo
684 1240 823 1308 poeticum
841 1241 995 1309 spirantes,
1016 1246 1076 1312 tum
1093 1240 1122 1290 in
1132 1254 1242 1306 poema·

204 1335 240 1385 tit
269 1333 448 1386 Romanorum
469 1331 607 1398 historicis
626 1350 641 1384 a
661 1332 747 1400 prima
766 1339 855 1383 aetate
865 1331 951 1402 probe
965 1335 1075 1394 versati,
1094 1332 1129 1382 ad
1150 1347 1242 1383 versus
1331 1391 1335 1404 ¹

118 1497 120 1503 ,
201 1429 329 1482 heroicos
349 1443 411 1478 caen
434 1425 589 1479 fundendos
610 1429 743 1497 imprimis
772 1427 951 1478 inclinabant.
989 1427 1020 1478 Id
1039 1430 1088 1498 qui
1109 1430 1240 1478 memine-

203 1529 285 1585 runt,
303 1527 332 1574 in
350 1520 393 1595 hie
412 1521 537 1572 versibus
560 1523 714 1576 Ennianum
735 1524 791 1574 sive
809 1523 929 1590 priscum
942 1522 1082 1592 quoddam
1094 1529 1241 1590 agnoscent

171 1615 176 1630 ⁸
201 1629 286 1689 atque
305 1616 370 1676 inde
389 1617 565 1690 intelligent,
595 1639 642 1672 cur
661 1623 727 1672 eatis
745 1637 837 1689 graver
854 1619 903 1672 aed
922 1635 1016 1696 parum
1035 1621 1172 1672 numerosi
1192 1619 1240 1671 de·
1301 1613 1305 1619 ’

200 1723 319 1768 currant
358 1714 441 1764 'l'aiie
458 1719 499 1764 eet
518 1713 665 1782 etiamqui
683 1714 756 1764 inira
775 1711 807 1779 (1,
830 1713 883 1782 71.)
902 1711 994 1768 subito
1014 1712 1181 1765 intervenit:

271 1811 395 1876 Quorum
423 1808 541 1862 laudato
560 1807 650 1862 studio
671 1811 850 1872 Germanicas
869 1811 969 1870 armis,
990 1808 1112 1878 itemque
1122 1806 1185 1870 XV,
1197 1810 1238 1876 73.

196 1931 198 1936 ·
269 1905 365 1958 Donec
385 1922 518 1958 consensu
537 1919 651 1975 patrum·
663 1905 813 1961 deterritas
833 1919 873 1959 eet
892 1923 934 1960 ne.

193 2005 228 2058 ,ct
253 1998 301 2049 ille
322 2013 404 2068 quem
423 1999 563 2065 prooemio
582 1998 709 2050 absoluto
727 2001 757 2050 tn
773 2001 911 2070 principio
930 1997 1000 2052 belli
1028 1998 1178 2050 Iuiurtlrini
1203 1997 1237 2066 (c.

199 2079 516 2160 5.)p01'rnsmustius:
592 2122 596 2133 .

265 2186 371 2238 Bellum
390 2185 541 2255 scripturas
562 2201 638 2244 snm,
658 2183 740 2256 qaod
754 2185 873 2255 popular
890 2187 1043 2239 Romanas.

197 2279 331 2348 Persaepc
351 2280 423 2348 apud
441 2279 567 2340 Liviam,
591 2279 671 2329 Ennii
691 2278 883 2348 admiratorem
905 2289 933 2332 et
951 2281 1126 2341 imitatorem,
1144 2272 1237 2330 versui

194 2367 281 2444 longi,
299 2375 356 2427 eive
376 2375 474 2442 integri
495 2377 550 2430 sive
570 2374 689 2434 dimidii,
710 2377 899 2442 reperiuntur,
919 2381 950 2427 ut
967 2377 997 2427 in
1014 2374 1203 2430 Praefatione:

265 2471 436 2524 Facturnsne
455 2471 688 2540 operaepretium
708 2471 767 2521 sim.

198 2572 226 2618 et
244 2565 351 2626 XXIII,
376 2567 414 2622 18.

266 2660 366 2716 Moliri
382 2671 478 2730 portas
498 2673 525 2712 et
543 2661 668 2714 clanstro
683 2662 846 2733 restingere.

197 2764 226 2810 et
242 2755 301 2818 VII,
323 2759 360 2810 13.

221 2890 224 2898 ,
248 2854 302 2906 'Ut
320 2853 429 2920 signnm
450 2849 547 2912 daret,
570 2865 601 2904 ur
618 2867 717 2922 capere
736 2869 815 2905 arma
834 2851 950 2904 iuberet.
1048 2905 1052 2912 ,

195 2948 298 3014 Integri
318 2947 467 2999 hexametri
487 2963 518 2996 ac
536 2947 624 3014 prisce
644 2953 771 2998 sonantes
789 2947 993 3002 intercinentur
1023 2943 1096 3016 apud
1119 2934 1235 2998 eundem

196 3041 263 3106 vn,
288 3059 326 3095 ιι.

264 3139 424 3208 Pugnatum
447 3136 529 3194 hand
539 3137 638 3208 procul

246 3234 353 3286 -Porta
374 3233 485 3284 Collina
505 3245 544 3285 cet
564 3236 648 3284 totins
667 3231 775 3286 viribus
793 3231 876 3286 ortis.

198 3333 226 3378 et
245 3326 311 3387 Vll,
334 3329 373 3391 14.
986 3383 993 3392 ,

267 3417 386 3480 Sedulo,
405 3429 436 3468 aa
455 3415 585 3470 adversus
604 3427 709 3468 montes
728 3415 890 3470 consisteret
911 3413 1005 3468 hostie·
1103 3417 1107 3432 '

198 3513 253 3566 Sed
271 3512 342 3568 bene
367 3511 431 3562 faeti
454 3517 518 3560 sunt
547 3511 600 3560 duo
631 3525 722 3562 versus
746 3509 872 3571 heroici,
904 3525 975 3580 quos
1004 3505 1077 3560 idem
1100 3507 1178 3574 xxl,
1205 3528 1231 3581 9.

197 3605 349 3671 xxtt,1e.
371 3605 475 3676 posuit:
680 3608 683 3614 '
1049 3610 1053 3616 '
1149 3613 1151 3619 ’

266 3705 365 3755 Arma:
386 3716 436 3750 nec
457 3693 613 3750 Hannibali
632 3709 711 3750 tanto
731 3695 894 3750 discrimine
915 3713 1015 3754 rerum.

268 3799 343 3850 Haec
363 3794 410 3845 ubi
430 3792 505 3848 dicta
524 3791 616 3855 dedit,
632 3793 745 3862 stringit
761 3789 887 3862 gladium
906 3809 1055 3865 cuneoque·

199 3887 279 3945 Conf-
299 3885 539 3944 Drakenborchiue
555 3888 590 3941 ad
607 3885 808 3961 Liriii’raefit.
827 3885 849 3958 ς.
872 3903 893 3941 r.
