2862 4726
453 337 529 442 niu.
556 377 610 444 ιν.
653 377 746 439 car.
769 381 906 478 ῥεῖ-39.
1119 385 1184 449 ma
1233 339 1237 347 ¹

136 565 214 626 meis
227 563 365 646 dignum,
379 583 482 624 rerum
494 575 668 624 nostrarum
676 561 851 646 providum,
862 573 1053 624 constantem
1067 563 1096 624 in
1108 566 1184 646 peri-
1190 575 1220 634 (ι
1236 567 1333 638 Gai.)

138 672 230 752 culis,
243 668 444 734 offensionum
459 694 514 754 pro
527 669 787 753 utilitatepublica
803 693 864 733 non
877 669 1023 754 pavidum
1042 672 1183 738 credaut.

135 779 221 840 Haec
235 777 310 840 mihi
321 779 351 838 in
366 779 474 840 animis
489 779 600 840 vestris
611 777 723 860 templa
735 824 744 852 ‚
758 777 817 840 hae
828 777 1053 860 pulcherrimae
1072 777 1184 862 effigies

135 901 167 950 et
187 911 356 950 mansurae.
381 889 457 949 Nam
476 909 555 971 quae
568 908 640 948 saxo
660 898 838 966 struuntur,
862 889 888 949 si
914 887 1060 948 iudicium
1080 899 1183 970 poste·

103 986 243 1058 5rorum
265 999 296 1059 in
317 999 421 1082 odiurp
446 1001 553 1075 vertit,
578 1019 635 1081 pro
659 996 808 1080 sepulcris
828 1008 1025 1080 spernuntur.
1048 998 1184 1060 Proinde

135 1106 232 1164 socios
253 1105 335 1166 cives
359 1116 388 1166 et
409 1105 480 1166 deos
501 1107 582 1187 ipsos
604 1125 733 1186 precor,
766 1103 823 1164 hos
850 1113 885 1164 ut
913 1103 988 1164 mibi
1024 1105 1064 1166 ad
1091 1085 1193 1168 linens

135 1233 233 1293 usque
257 1215 336 1274 vitae
356 1215 493 1295 quietam
506 1225 536 1274 et
555 1212 775 1294 intelligentem
793 1211 919 1272 humani
939 1211 1096 1296 divinique
1110 1216 1184 1276 iuris

136 1331 271 1382 mentem
293 1293 408 1399 ddint,
441 1321 530 1398 illos,
563 1333 615 1395 ut,
648 1321 834 1404 quandoque
869 1340 1076 1401 concessero,
1112 1344 1185 1384 cum

137 1429 229 1492 laude
250 1441 280 1490 et
303 1430 392 1491 bonis
415 1429 676 1492 recordationibus
700 1429 779 1488 facta
800 1438 890 1509 atque
920 1428 1033 1490 famam
1052 1433 1186 1492 nominis

83 1545 118 1585 10
137 1539 198 1596 mei
217 1536 470 1620 prosequantur.''
500 1537 699 1618 Perstititqne
716 1536 843 1616 posthac
867 1537 991 1597 secretis
1015 1541 1105 1600 etiam
1122 1561 1185 1600 ser-

137 1646 279 1706 monibus
301 1645 460 1726 aspernari
479 1625 575 1704 ‘talem
600 1646 646 1706 sui
669 1645 797 1704 cultum.
844 1646 938 1724 Quod
959 1645 1019 1706 alii,
1042 1648 1186 1710 modesti-

128 1775 213 1826 am,
239 1753 353 1830 multi,
373 1754 445 1834 quia
468 1753 641 1829 diffideret,
675 1753 800 1834 quidam
834 1765 869 1814 ut
898 1755 1063 1837 degeneris
1091 1759 1185 1818 animi

117 1861 441 1950 interpretabantur.
495 1861 646 1940 Optumus
675 1861 789 1942 quippe
831 1862 1005 1922 mortalium
1043 1863 1188 1926 altissima

62 1962 75 2042 ’,
137 1989 275 2049 cupere:
298 1970 341 2029 sic
367 1967 532 2040 Herculem
556 1979 585 2028 et
608 1969 754 2030 Liberum
782 1970 864 2050 apud
886 1971 1040 2043 Graecos,
1079 1972 1186 2050 Quiri·

77 2067 115 2130 15
136 2097 214 2136 num
237 2077 319 2158 apud
341 2097 396 2136 nos
418 2076 510 2135 deum
532 2097 659 2136 numero
681 2075 813 2138 additos.
859 2078 967 2138 Melius
994 2080 1187 2159 Augustum,

136 2168 391 2266 qui'spcraverit.
436 2186 551 2256 Cetera
576 2185 764 2268 principibus
801 2189 903 2248 statim
937 2189 1060 2262 adesse,
1090 2209 1187 2248 unum

135 2291 350 2354 insatiabiliter
370 2291 558 2372 parandum,
581 2313 760 2372 prosperam
792 2295 838 2354 sui
869 2299 1060 2361 memoriam.
1109 2298 1187 2358 Nam

136 2409 318 2481 contemptu
340 2401 438 2460 famae
458 2402 613 2460 contemni
634 2401 773 2468 virtutes.

65 2525 129 2604 ,39
222 2509 264 2570 At
284 2508 412 2570 Seianus
433 2509 527 2569 nimia
555 2510 677 2569 fortuna
697 2531 818 2586 socors,
840 2520 872 2571 et
893 2511 1045 2575 muliebri.
1059 2513 1184 2594 insuper
1235 2519 1238 2524 ’

76 2651 117 2690 20
136 2617 282 2700 cupidine
317 2617 479 2692 incensus,
524 2617 709 2697 promissum
747 2603 980 2679 matrimonium
1004 2619 1186 2702 ,flagitante

137 2725 245 2800 Livia,
277 2725 433 2804 componit
465 2721 503 2788 ad
542 2723 702 2782 Caesarem
737 2722 912 2786 codicillos:
946 2726 1039 2784 moris
1071 2715 1186 2807 quippe

135 2840 204 2890 tum
227 2837 291 2888 erat
312 2850 488 2910 quanquam
509 2840 701 2909 praesentem
723 2825 834 2912 scripto
865 2829 958 2890 adire.
995 2831 1087 2892 ·Eius
1116 2821 1185 2899 talis

144 2984 373 2999 m

227 3069 250 3125 5⁴
270 3087 322 3139 pro
340 3071 473 3138 sepulcris
494 3081 679 3139 spernuntur:
701 3070 783 3137 plene
803 3068 876 3121 dicae
893 3089 944 3140 pro
957 3074 1091 3142 sepulcris
1110 3075 1184 3125 acci·

133 3167 256 3236 piantur
278 3177 303 3216 ct
323 3177 508 3234 spernuntur,
527 3181 617 3234 neque
638 3165 753 3219 verbum
767 3174 934 3232 spernuntur
948 3168 1122 3219 referendum
1142 3173 1184 3217 ert

135 3261 171 3314 ad
190 3261 341 3312 ablativum
361 3258 411 3310 red
431 3259 619 3312 tantummodo
640 3260 674 3312 ad
703 3259 857 3312 subiectum
886 3261 986 3332 templa
1014 3279 1087 3334 quae
1114 3277 1182 3314 saco

137 3367 294 3408 struuntur.
726 3349 735 3356 ’
937 3355 939 3363 ’

222 3451 248 3506 6.
267 3463 293 3502 et
312 3447 377 3502 deoc
396 3463 422 3502 ct
441 3447 505 3502 deos
523 3448 641 3518 ipsosM5
660 3450 775 3502 alterum
787 3463 814 3504 et
833 3449 897 3502 deos
910 3454 1044 3520 expunxit
1057 3449 1183 3504 Pichena.

141 3579 145 3583 -
210 3563 248 3613 ap.
270 3541 374 3615 socors]
396 3543 635 3614 Quemadmodum
654 3561 703 3596 eor
723 3544 804 3620 modo
823 3561 874 3614 pro
888 3545 953 3599 sede
972 3549 1072 3598 mentis
1090 3563 1123 3600 ac
1141 3563 1184 3600 sa-

137 3637 262 3705 pientiae
280 3641 429 3708 accipitnr,
457 3637 539 3692 modo
567 3639 676 3692 affectus
701 3641 785 3691 animi
811 3641 951 3694 continere
977 3643 1115 3705 creditur,
1144 3645 1203 3696 ita*

136 3751 231 3788 socors
249 3735 289 3803 (h.
306 3751 329 3786 e.
353 3736 413 3786 sinc
431 3735 528 3806 corde]
550 3735 631 3789 modo
659 3737 773 3788 stultum
791 3753 823 3788 ac
848 3735 1003 3790 dementem
1028 3725 1183 3809 signifieat.

72 3815 84 3820 „
138 3828 220 3878 modo
240 3843 367 3880 securum
391 3847 422 3880 ac
445 3831 563 3884 tardum.
600 3833 658 3884 Hoc
682 3833 743 3884 loco
770 3833 846 3901 prior
875 3833 1040 3901 significatio
1067 3833 1184 3886 adiciam

138 3929 194 3974 este
212 3937 274 3976 nam
294 3941 387 3977 socors
408 3925 527 3994 positum
545 3943 594 3996 pro
614 3929 708 3979 animo
728 3941 899 3982 occaecatus.
938 3914 1003 3984 Sine
1032 3943 1109 3982 causa
1140 3941 1183 3986 vt·

137 4035 200 4072 cora
218 4021 248 4076 in
268 4022 389 4090 margine
410 4021 554 4096 Lipsianac
574 4022 704 4093 editionis
724 4023 899 4096 adscriptum.
