2826 4730
432 307 507 396 un.
530 333 569 393 u.
615 333 702 398 aar.
726 334 860 400 att-aa.
1141 335 1199 399 125

166 517 286 598 Septem
310 527 341 576 et
369 517 493 596 triginta
515 535 608 588 annos
629 516 720 592 vitae,
748 515 906 574 duodecim
928 512 1080 593 potentiae
1103 515 1230 596 exple-(⁸
1247 513 1275 572 0.
1299 512 1347 582 to)

162 603 233 701 fvit,
255 626 438 704 caniturque
461 623 560 684 adhue
590 622 733 682 barbaras
757 621 841 704 apud
863 633 988 704 gentes,
1015 622 1202 682 Graecorum
1287 669 1291 688 .

166 733 327 792 annalibus
363 732 502 812 ignotus,
532 731 584 812 qui
618 751 673 791 sua
715 738 835 790 tantum
865 730 1037 806 mirantur,
1063 729 1206 790 Romanis

167 839 251 900 hand
272 839 399 937 perinde
425 837 572 918 celebris,
594 837 670 898 dum
698 849 801 900 vetera
825 835 1011 911 extollimus,
1036 841 1204 898 recentium

167 969 326 1013 rnourrosr.

565 1095 803 1116 ἰι-...ιω

521 1223 642 1284 LIBER
662 1223 854 1290 TERTIUS.

240 1391 422 1450 Breviorinm.
458 1390 609 1460 Agrippina
624 1405 685 1441 eum
704 1388 863 1442 Germanici
884 1389 1009 1460 reliquiir
1023 1387 1206 1451 Brundisium,

63 1537 65 1560 Ι
150 1485 234 1538 *inde
264 1487 374 1540 Romam
402 1485 535 1554 pervenit.
571 1485 625 1536 Eae
653 1483 759 1536 tumulo
786 1486 901 1554 Augusti
928 1485 1042 1548 illatae,
1068 1491 1096 1536 et
1121 1485 1203 1536 funus

167 1580 289 1638 ductum.
327 1583 430 1632 Drueue
449 1582 478 1632 ia
505 1579 642 1644 Illyricum
661 1577 741 1630 redit.
792 1577 899 1648 Gnaeus
925 1577 985 1630 Pieo
1011 1593 1070 1630 cum
1097 1579 1205 1630 Romam

162 1673 299 1736 redisset,
332 1676 429 1727 veneni
470 1680 498 1724 et
525 1674 674 1726 maiestatis
703 1673 865 1742 postulatur.
909 1671 989 1726 Dicta
1023 1689 1103 1726 cauea
1135 1670 1205 1723 'enm

166 1770 261 1820 omnia
280 1769 386 1820 infensa
404 1777 432 1822 et
449 1767 549 1819 inserta
568 1769 757 1836 experiretur,
777 1783 872 1818 manue
890 1767 943 1819 eibi
961 1771 1045 1820 affert.
1082 1769 1204 1820 Tacfari·
1290 1797 1295 1806 ·
1373 1767 1376 1774 “

165 1879 216 1916 nae
238 1864 341 1914 bellum
357 1864 387 1914 in
406 1863 493 1917 Africa
511 1870 642 1934 renovat3
661 1861 735 1932 quod
754 1861 920 1931 opprimitur
948 1879 963 1915 a
981 1863 1065 1916 Lucio
1084 1863 1205 1932 Apronio

164 1959 338 2027 proconsule.
375 1958 478 2028 Lepida
498 1959 611 2010 Aemilia
629 1957 758 2010 adulterii
778 1966 806 2009 et
834 1960 932 2012 veneni
952 1958 1206 2013 deserturdamna-

165 2062 276 2124 terque.
296 2053 378 2121 Papia
398 2053 521 2120 Poppaea
534 2053 579 2104 lex
601 2051 636 2103 ad
655 2051 686 2105 id
705 2059 811 2122 tempus
831 2053 952 2121 asperius
973 2057 1090 2108 exercita
1115 2055 1206 2130 molli-

163 2159 209 2202 tur
226 2167 240 2201 a
265 2147 378 2201 'liberio
397 2155 425 2200 et
444 2164 529 2200 nexus
547 2147 605 2198 eiua
624 2145 809 2207 exsolvuntur,
834 2149 935 2200 Iterum
952 2148 1068 2204 atr-icam
1091 2153 1207 2206 incurrit

164 2247 338 2314 Taclarinas;
364 2249 409 2297 cui
437 2243 569 2296 tutandae
595 2244 689 2296 lunius
716 2243 826 2296 Blaesus
853 2245 991 2316 deligitur.
1011 2247 1125 2318 Equites
1155 2250 1206 2301 ali.

166 2350 234 2413 quot
263 2342 376 2395 Romani
402 2341 553 2394 maiestatis
582 2340 757 2393 damnantur.
792 2337 900 2392 Galliae
929 2341 1204 2398 rebellaatrdueibus

166 2439 238 2490 lulio
262 2439 403 2492 Sacroviro
421 2443 449 2486 et
471 2436 542 2488 Iulio
570 2424 660 2491 Floro.
714 2437 881 2499 infeliciter,
909 2441 973 2508 quia
1000 2457 1014 2490 a
1048 2442 1204 2510 legionibus

167 2531 336 2584 Germanicia
358 2531 461 2600 copiae¹
483 2546 575 2582 earum
604 2548 713 2593 caerae,
741 2539 769 2581 et
788 2533 862 2600 ipsae
886 2534 1015 2586 advetus
1037 2537 1129 2604 iugum
1159 2553 1205 2588 re.

166 2623 276 2680 tra'etae.
319 2627 405 2679 Gaius
429 2627 556 2678 Lutoriue
582 2641 665 2695 eques
690 2626 840 2678 maiestatis
866 2628 1009 2704 damnatus
1040 2631 1068 2680 in
1095 2647 1201 2684 earcere

165 2725 335 2776 exanimatus
354 2731 403 2779 eet.
439 2723 510 2774 Cura
527 2721 608 2772 luxua
626 2719 769 2770 coercendi
787 2729 882 2788 coepta
906 2729 934 2772 et
951 2723 1058 2774 omissa.
1097 2725 1201 2794 Drusus

165 2818 339 2870 tribuniciam
359 2824 523 2889 potestatem
543 2816 654 2884 accipit.
675 2814 789 2866 Flamen
810 2815 894 2868 Dialis
914 2819 1014 2870 vetitus
1033 2821 1200 2888 provinciam

165 2914 263 2965 sortiri.
300 2913 379 2982 Asyla
398 2913 561 2966 Graecorum
583 2902 702 2960 ¹lustrata
727 2915 754 2959 et
782 2921 932 2982 repurgata.
979 2915 1063 2966 Gaius
1089 2916 1199 2972 Silanus

165 2980 378 3078 repetundarum
399 3016 427 3060 et
447 3005 594 3082 maiestatie
612 3005 762 3056 damnatae.
799 3006 999 3062 Tacfarinatem
1020 3011 1115 3063 Iuniae
1135 2995 1201 3081 pro-

165 3103 259 3157 turbat
277 3113 305 3160 et
325 3106 436 3182 fratrem
457 3105 516 3190 elus
544 3093 625 3173 cellit.
655 3100 769 3168 *Ioniae
795 3101 910 3158 illurtrir
942 3107 1059 3160 feminae
1079 3125 1150 3162 mors
1173 3115 1201 3160 et

164 3201 254 3252 furius.
1037 3267 1040 3274 Ι

233 3295 307 3346 Haeo
325 3295 445 3350 triennio
462 3300 535 3364 genta
553 3293 643 3346 Marco
664 3285 781 3346 Valerio'
794 3303 821 3346 et
842 3295 932 3349 Marco
945 3299 1066 3362 Aurelio,
1087 3300 1203 3356 'liberio

165 3393 332 3458 imperatore
350 3396 476 3458 quartum
496 3396 524 3440 et
541 3388 758 3440 Druso-Nerone
784 3389 952 3453 seeundum,
981 3391 1050 3446 Gaio
1073 3371 1198 3463 Sulpicio
1232 3407 1234 3422 “

167 3485 324 3539 etsDeeimo
345 3481 456 3537 Haterio
474 3483 640 3540 consulibua.

666 3687 669 3701 l

159 3823 264 3916 'Nihil
287 3852 453 3936 intermissa
476 3831 668 3938 navigatione
690 3856 810 3918 hiberni
831 3859 922 3920 maris
944 3861 1110 3944 Agrippina
1125 3843 1346 3932 Cor·(²·¹¹·l7³·)

163 3983 265 4044 cyrum
287 3963 414 4024 insulam
440 3961 621 4042 advehitur,
652 3964 755 4025 littora
781 3965 940 4028 Calabriae
973 3971 1347 4040 continuantium.)
