2900 4724
262 317 324 384 338
661 314 848 378 nttnnLtU
851 319 883 377 Μ

116 503 141 565 (a
160 501 190 553 c.
202 501 328 572 §lberto
345 519 379 558 ex
401 519 495 580 aequo
522 497 693 580 pollebant,
714 499 829 559 llnrrns
848 499 1032 561 militaribus
1053 504 1132 562 miris
1152 508 1185 563 et
1205 520 1286 564 seve-

34 583 35 606 *
131 607 137 612 ’
251 605 342 664 ritate
365 618 506 677 morum,
541 605 651 664 Seneca
676 600 847 686 praeceptis
873 606 1060 688 eloquentiae
1083 619 1111 668 et
1138 613 1286 669 'comitate

251 711 396 789 honesta,
421 709 558 770 iuvantes
582 712 612 770 in
628 713 736 788 vicem,
759 733 819 794 quo
835 713 954 774 facilius
975 713 1125 774 lubricam
1146 718 1285 796 principis

248 818 616 893 aetatem,ai'virt11tem
644 829 873 898 aspernaretur,
907 801 1112 902 voluptalibns
1140 825 1283 900 cpnoessis

250 929 425 990 retinerent.
467 925 628 985 Certamen
654 927 780 1007 utrique
801 947 896 984 unum
923 938 987 986 erat
1007 937 1113 1000 eontra
1140 927 1319 992 ferociam5

247 1019 449 1114 Agrippinae,
475 1051 553 1113 quae
574 1032 701 1109 eunctis¹
716 1031 815 1094 malae
847 1032 1058 1094 dominationis
1087 1034 1282 1114 cupidinibus

248 1137 379 1218 flagrans
401 1135 531 1196 habebat
553 1140 583 1196 in
605 1139 747 1219 partibus
766 1138 949 1206 Pallantem,
970 1161 1031 1219 quo
1054 1153 1175 1199 auctore
1189 1141 1281 1199 'Clau-

246 1242 315 1304 dius
338 1244 450 1326 nuptiis
483 1227 653 1306 inoestiset
675 1247 841 1327 adoptione
865 1250 986 1306 exitiosa
1007 1245 1101 1308 semet
1126 1261 1280 1326 perverte-

245 1360 303 1416 rat.
346 1353 405 1412 Sed
429 1373 527 1434 neque
551 1353 662 1412 Neroni
684 1353 761 1412 infra
778 1374 878 1414 servos
913 1355 1088 1434 ingenium,
1119 1367 1150 1416 et
1184 1355 1281 1416 Pelles

240 1457 325 1518 tristi
345 1463 515 1541 arrogantia
538 1459 662 1518 modum
685 1459 788 1520 liberti
811 1460 1099 1542 egressustaedium
1135 1464 1182 1520 sui
1211 1483 1275 1520 mo·
1304 1487 1339 1524 ro

193 1539 197 1550 .
240 1576 341 1626 verat.
384 1564 658 1646 Propalamtamen
681 1586 786 1626 omnes
804 1565 833 1624 in
849 1587 914 1624 eam
937 1557 1280 1626 nonores'cumutaban-

243 1687 322 1750 tur,
359 1673 539 1754 signumque
572 1691 658 1730 more
684 1669 811 1732 militiae
843 1675 954 1750 petenti
982 1674 1108 1732 tribuno
1125 1673 1207 1732 dedit
1229 1695 1279 1754 op·

244 1785 336 1844 timae
361 1782 476 1840 matris.
519 1778 690 1838 Decreti'et
714 1799 732 1838 a
750 1790 857 1839 senatu
878 1780 942 1838 duo
964 1778 1093 1856 lictores,
1114 1779 1279 1840 flaminium

246 1887 421 1964 Claudiale,
443 1886 533 1948 simul
555 1887 682 1948 Claudio
718 1891 889 1948 censorium
903 1889 1003 1962 ,funus
1034 1901 1063 1948 et
1085 1909 1151 1948 mox
1173 1909 1277 1974 cense-

243 2000 348 2058 eratio.
389 1995 447 2054 Die
468 1992 581 2050 funeris
603 1991 810 2064 laudationem
832 1994 895 2052 eius
918 1993 1056 2072 princeps
1084 1985 1304 2076 eprrsusestss

241 2106 315 2164 dum
334 2101 545 2182 antiquitatem
558 2101 685 2179 generiS,
701 2098 875 2170 consulatus
896 2105 930 2176 ac
944 2099 1115 2178 triumphos
1128 2104 1277 2160 maiorum

241 2207 460 2284 enumerabat,
486 2192 704 2284 intentus'ipse
724 2213 755 2262 et
782 2206 883 2264 ceteri.
936 2205 1119 2266 Liber-alium
1154 2229 1276 2290 quoque

240 2315 360 2376 artium'
374 2311 631 2386 commemoratio,
644 2319 675 2370 et
691 2311 767 2370 nihil
781 2320 907 2394 regente
919 2332 955 2370 eo
972 2313 1059 2376 triste
1075 2315 1119 2374 rei
1133 2313 1276 2394 publicae
1430 2289 1431 2355 l

241 2425 280 2484 ab
300 2419 597 2502 externisflaccidisse
624 2421 727 2499 pronis
755 2418 862 2504 animis
884 2417 998 2481 audita.
1042 2419 1205 2500 Postquam
1235 2421 1274 2483 ad
1304 2499 1308 2506 η

240 2528 462 2611 providentiam
482 2507 719 2608 sapientiamque
750 2523 852 2603 flexit,
874 2545 963 2584 nemo
994 2511 1067 2584 risui
1090 2534 1272 2606 temperare,
1288 2559 1328 2598 ,ο

156 2636 158 2640 ’
240 2655 411 2720 quanquam
432 2632 530 2692 oratio
553 2653 570 2690 a
593 2631 707 2692 Seneca
730 2630 895 2711 composita
921 2629 1050 2689 multum
1072 2628 1170 2690 cultus
1179 2649 1271 2710 prae·
1427 2629 1428 2683 l

237 2745 356 2821 ferret,
378 2743 487 2804 utfuit
516 2739 559 2802 illi
591 2744 657 2800 viro
688 2741 844 2822 ingenium
875 2758 1034 2800 amoenum
1068 2748 1097 2796 et
1128 2740 1269 2816 temporis
1426 2723 1427 2793 l

234 2851 302 2911 eius
322 2848 443 2908 auribus
464 2845 732 2930 accommodatum.
778 2843 975 2902 Adnotabunt
996 2847 1139 2916 seniores,
1159 2844 1267 2924 quibus
1423 2827 1426 2904 l

236 2960 366 3018 otiosum
382 2963 427 3013 est
447 2961 549 3010 vetera
570 2959 604 3020 et,
622 2927 792 3030 praesentia
813 2949 1006 3016 contendere,
1032 2951 1163 3029 primum
1180 2969 1212 3007 ex
1234 2946 1269 3008 iis
1424 2943 1425 3013 l

235 3066 290 3145 qui
314 3081 417 3122 rerum
440 3059 525 3138 potiti
544 3069 660 3132 essent,
683 3057 831 3118 Neronem
844 3056 968 3140 alienae
989 3056 1147 3116 facundiae
1169 3058 1264 3136 eguis·
1284 3045 1326 3101 ²5
1421 3025 1424 3122 l

236 3191 280 3230 ae.
324 3167 399 3228 Nam
431 3166 558 3226 dictator
582 3163 692 3224 Caesar
713 3167 835 3226 summis
867 3165 1040 3226 oratoribus
1061 3164 1215 3239 aemulus3
1237 3173 1265 3222 et

238 3271 377 3353 Augusto
392 3283 533 3354 prompta
555 3291 589 3330 ae
613 3270 785 3352 profluens,
819 3291 897 3352 quae
928 3273 1047 3332 deceret
1061 3252 1264 3352 ¹principem,

237 3374 407 3457 eloquentia
428 3377 494 3438 fuit.
523 3376 664 3437 Tiberius
687 3386 781 3436 artem
805 3395 926 3456 quoque
949 3375 1095 3452 callebat,
1117 3397 1177 3456 qua
1198 3395 1266 3434 ver-

235 3480 272 3540 ba
296 3481 502 3564 expendebat,
526 3494 592 3544 tum
611 3482 728 3546 validus
749 3482 930 3542 sensibusne
944 3479 1083 3543 consulto
1097 3484 1263 3566 ambiguus.

307 3653 343 3687 to.
363 3652 429 3688 snae
450 3637 502 3686 Mc,

305 3746 348 3798 ¹7⁴
366 3731 464 3782 ceteris
485 3738 568 3799 atque
585 3729 626 3795 ad.
643 3728 687 3779 bis
705 3725 756 3778 Mn,

197 3881 199 3888 ,
305 3839 345 3892 ²9·
365 3840 398 3875 ae
416 3823 540 3875 consulto
557 3819 708 3892 ambiguus]
730 3837 762 3874 ec
788 3815 860 3871 rtet
885 3837 913 3874 se
937 3817 1027 3876 tabu
1052 3823 1111 3894 (cin
1129 3826 1173 3892 B):
1199 3842 1260 3876 nam

236 3915 363 3968 'ribertus
383 3933 489 3986 semper
515 3915 641 3983 ambigue
665 3915 770 3968 locutu·
796 3922 845 3968 est.
881 3909 959 3971 Conl.
980 3921 1007 3984 1,
1029 3937 1067 3976 ιι.
1095 3921 1259 3990 Tiberioque
