2900 4706
349 371 350 374 Ν
441 286 512 348 un.
534 283 618 344 inv.
664 280 751 342 cnr.
774 283 940 348 ss-rn
998 299 999 304 κ
1091 273 1193 344 'ur
1300 373 1303 386 Ι

181 439 351 550 assumpsitg
390 469 417 528 E
438 467 569 528 tribunis
593 465 706 542 Gavius
728 463 888 538 Silvanus,
916 458 1344 544 quamvisabsolu·(r(165.)
1414 471 1423 488 ·

180 586 248 652 tus,
269 597 323 634 sua
341 594 432 633 manu
454 572 572 649 cecidit3
594 572 705 632 Statius
726 569 885 630 Proximus
904 569 1031 645 veniam,
1050 587 1142 649 quam
1161 565 1200 624 ab

180 683 362 763 imperatore
384 692 559 762 acceperat,
581 680 714 742 vanitate
734 677 828 738 exitus
851 676 996 756 corrupit.
1026 675 1128 736 'Exuti
1147 672 1200 732 de-

180 787 253 848 hinc
273 789 431 848 tribunatu
454 773 624 868 Pompeius,
653 781 810 844 Cornelius
820 781 982 858 Martialis,
1008 779 1130 840 Flavius
1142 781 1201 842 Me·

145 878 254 975 ⁵pos,
276 895 387 970 Statius
408 869 578 966 Domitius,¹
600 893 682 974 quasi
707 890 874 972 principem
897 909 956 950 non
978 887 1099 968 quidem
1120 887 1201 948 odis·
1231 899 1236 904 ’

178 1009 265 1076 sent,
286 998 340 1058 sed
366 1011 462 1061 tumen
492 999 745 1060 existimarentur.
786 997 883 1058 Novio
902 995 1003 1056 Prisco
1027 1017 1083 1077 per
1098 991 1207 1054 amici·'

179 1105 254 1166 tiam
274 1107 424 1180 Senecae,
444 1119 475 1167 et
498 1106 590 1166 Glitio
616 1106 704 1168 Gallo
727 1116 818 1186 atque
840 1091 940 1164 lunio
961 1101 1090 1164 Pollioni
1120 1100 1200 1194 infa-

180 1217 270 1272 arratis
292 1215 384 1293 magis
404 1235 493 1294 quam
512 1217 655 1276 convictis
675 1216 745 1276 data
767 1215 876 1278 exsilia.
917 1213 1052 1272 Priscum
1069 1206 1202 1270 Antonia

180 1317 323 1378 Flaccilla
348 1321 477 1378 coniunx
499 1323 640 1394 comitata
660 1331 724 1394 est,
746 1317 867 1378 Gallum
887 1318 1017 1396 Egnatia
1041 1311 1204 1377 Maximilla

128 1423 297 1504 touraguis
316 1426 446 1503 primum
475 1435 504 1484 et
533 1426 655 1506 integris
682 1423 811 1504 opibus,
842 1432 908 1504 post
936 1422 1100 1504 ademptis,
1126 1439 1204 1502 quae

181 1527 1262 1613 iumrpreglmiarneiusamrerelkllimretltnlimilrispimrs,¹

179 1639 337 1700 occasione
364 1641 590 1715 coniurationis,
612 1640 665 1700 sed
686 1639 800 1700 Neroni
822 1637 935 1696 invisus
964 1634 1046 1718 quod
1067 1634 1206 1713 Poppae·

111 1777 120 1795 ι
181 1764 228 1802 am
251 1746 404 1826 quondam
422 1749 612 1808 matrimonio
635 1755 782 1808 tenuerat.
804 1745 983 1824 Verginium
1010 1751 1039 1801 et
1067 1740 1207 1802 Musoni·

180 1869 233 1908 um
254 1851 366 1912 Rufum
388 1851 540 1916 claritudo
557 1855 686 1914 nominis
713 1852 841 1935 expulit:
869 1873 939 1911 nam
960 1846 1122 1930 Verginius
1141 1855 1204 1905 stu·

128 1951 164 2013 15
182 1955 231 2016 dia
253 1957 396 2026 iuvenum
417 1959 598 2042 eloquentia,
619 1963 777 2024 Musonius
799 1957 962 2040 praeceptis
982 1954 1145 2037 sapientiae
1159 1951 1205 2010 fo-

182 2063 285 2125 vebat.
323 2065 508 2128 Cluvidieno
526 2071 654 2149 Quieto,
675 2069 751 2130 Iulio
781 2065 951 2149 Agrippae,
983 2067 1070 2126 Blitio
1090 2057 1206 2121 Catuli·

183 2189 245 2246 no,
266 2170 413 2232 Petronio
434 2175 557 2252 Prisco,
579 2169 655 2244 lulio
677 2173 802 2251 Altino,
815 2171 910 2232 ¹velut
925 2171 954 2232 iu
975 2186 1080 2252 agmen
1098 2178 1128 2228 et
1146 2187 1204 2224 nu·
1285 2233 1294 2252 ,

181 2295 320 2349 merum,
344 2279 456 2359 Aegaei
476 2281 566 2338 maris
595 2277 710 2355 insulae
734 2281 963 2360 permittuntur.
1013 2279 1051 2338 At
1083 2272 1204 2370 Caalicia

182 2405 259 2444 uxor
290 2386 425 2447 Scaevini
457 2397 487 2445 et
518 2385 681 2446 Caesonius
703 2385 848 2445 Maximus
872 2384 956 2444 ltalia
985 2383 1203 2464 prohibentur,

123 2509 163 2548 20
183 2489 358 2581 reosfuisse
381 2513 413 2552 sc
433 2502 549 2550 tantum
569 2512 666 2572 poena
683 2494 808 2570 experti.
857 2489 947 2550 Atilia
968 2501 1063 2550 mater
1083 2487 1202 2548 Annaei

181 2597 293 2660 Lucani
315 2601 377 2658 sine
399 2597 616 2672 absolutiones
632 2599 697 2658 siue
717 2599 864 2678 supplicio
888 2595 1081 2664 dissimulata.

124 2696 180 2777 79
263 2705 381 2780 Quibus
403 2707 582 2784 perpetratis
604 2702 701 2779 Nero,
717 2714 746 2764 et
767 2707 910 2766 concione
929 2705 1059 2766 militum
1091 2702 1202 2780 habita,

180 2805 251 2864 hina
269 2827 426 2866 numinum
450 2805 532 2866 milia
554 2807 666 2867 viritim
689 2807 924 2888 manipularibus
941 2810 1051 2884 divisit,
1075 2798 1205 2870 addidit-

179 2933 238 2993 que
261 2915 325 2972 sine
348 2913 444 2992 pretio
466 2911 671 2986 frumentum,
703 2935 764 2994 quo
786 2924 856 2974 ante
879 2935 913 2974 cx
944 2915 1034 2991 modo
1064 2937 1204 2978 annonae
1271 2993 1273 3002 Ι

123 3023 164 3086 25
182 3019 354 3080 utebantur.
397 3018 477 3077 Tum
502 3018 586 3098 quasi
604 3030 685 3097 gesta
707 3018 788 3080 bello
814 3022 1028 3102 expositurus,
1050 3034 1136 3084 vocat
1157 3046 1203 3084 se·

126 3205 131 3240 ¹
184 3139 306 3200 natum,
330 3137 359 3186 et
379 3124 560 3206 triumphale
582 3125 674 3186 decus
688 3127 835 3208 Petronio
846 3127 1023 3209 Turpiliano
1043 3130 1203 3205 consulari,
1242 3149 1243 3156 ’

282 3359 302 3400 ι,
322 3344 427 3394 Gavius
449 3343 561 3394 Silanus
574 3343 623 3394 Μ’.
651 3343 903 3398 &enumerentur
931 3345 1056 3416 codices;
1084 3346 1202 3397 correxit

184 3433 335 3486 Rhenanus.
387 3435 451 3487 Mox
470 3441 494 3490 8.
511 3439 620 3490 artorio
636 3435 685 3488 Μ’.
1153 3494 1156 3498 ,

222 3517 224 3522 ’
258 3543 293 3577 rr.
314 3532 487 3602 rusrr‘rrsM1.¹
521 3531 592 3583 Dein
614 3532 1207 3605 rtVergintumflusumcodices3exp1evit

186 3623 301 3690 Lipsius.
407 3671 412 3684 ,
506 3684 509 3698 ‚
782 3633 784 3644 '

229 3779 233 3790 x
259 3735 296 3806 ¹9·
315 3719 463 3775 Caesonius
495 3728 522 3774 et
545 3739 608 3774 mox
631 3723 716 3775 Atilla
750 3722 874 3791 Lipsius:
907 3724 949 3776 M·
991 3711 1151 3800 caerenriius
1181 3734 1208 3777 et

162 3813 285 3874 sicilia.

257 3889 308 3959 261
320 3909 462 3978 Turpione
478 3910 590 3976 cadmea
611 3888 728 3962 correxit
746 3911 861 3981 Lipsius.
