2900 4724
444 289 628 362 nnxm.
669 296 762 358 aar.
789 302 916 392 rra-ro.
1129 293 1196 386 aaa

165 477 275 542 Statim
299 477 436 538 relictum
459 481 649 562 ,Agrippinae
665 463 778 540 limen,
833 477 930 538 Nemo
961 476 1053 538 solari
1066 519 1076 551 ,
1108 481 1243 548 nemost
1260 481 1354 556 C.‚55.)

163 585 272 660 adire,
294 596 415 668 praeter
434 607 543 669 paucas
564 588 705 666 feminas,
729 607 829 648 amore
858 607 897 646 an
927 585 997 645 odio
1032 587 1200 648 incertum.

162 691 207 752 Ex
231 691 436 773 quibus'erat
457 695 543 754 lunia
562 693 686 770 Silana,
717 714 809 774 quam
839 691 1036 751 matrimonio
1056 692 1112 751 Gai
1131 691 1207 754 Silii

163 820 180 858 a
204 801 364 860 Messalina
385 800 539 883 depulsam
560 822 655 882 supra
672 798 794 875 rettuli,
816 800 940 879 insignis
958 817 1073 879 genere
1100 799 1198 860 l'orma

20 943 22 950 ·
127 887 306 982 5tascivia,
332 920 361 969 et
394 909 580 990 Agrippinae
600 908 653 968 diu
682 928 829 988 percara,
855 898 925 986 ¹rnc'x
953 904 1084 964 occultis
1114 906 1205 967 inter

162 1035 212 1076 eas
233 1013 460 1090 offensionibus,
485 1017 555 1096 quia
575 1015 709 1076 Sextium
728 1005 908 1074 Africanum
925 1041 931 1068 z
941 1010 1077 1103 nobilem
1107 1014 1195 1074 iuve-

163 1141 271 1182 nema
304 1123 413 1203 nuptiis
440 1121 559 1182 Silanae
582 1121 773 1184 deterruerat
801 1119 986 1202 Agrippina,
1010 1121 1197 1202 impudicam

162 1237 192 1286 et
213 1239 387 1310 vergentem
410 1229 496 1288 annis
516 1229 679 1305 dictitans,
701 1249 761 1290 non
790 1239 825 1286 ut
848 1228 1028 1290 Africanum
1061 1231 1120 1292 sibi
1148 1251 1196 1292 se·

79 1346 84 1354 ’
162 1345 306 1414 ponent,
327 1335 568 1416 sedneopibus
589 1345 620 1396 et
640 1330 769 1397 orbitate
788 1333 907 1394 Silanae
943 1327 1074 1396 niaritus
1108 1349 1198 1419 potc-

108 1453 144 1495 10
164 1453 260 1503 retur.
300 1440 357 1502 llla
377 1463 430 1522 spe
449 1443 571 1503 ultionis
593 1442 694 1504 oblata
715 1451 800 1524 parat
823 1450 1008 1502 accusatores
1042 1465 1078 1504 ex
1100 1445 1198 1506 clien-

162 1549 243 1610 tibus
264 1551 325 1610 suis
347 1550 474 1610 lturium
497 1561 527 1610 et
540 1531 721 1626 Calvisium,
743 1569 804 1608 uon
826 1557 931 1608 vetera
946 1557 977 1607 et
996 1552 1116 1630 saepius
1136 1552 1198 1616 iam
1210 1545 1222 1563 “’

162 1657 265 1717 audita
287 1657 447 1733 deferens,
471 1657 554 1738 quod
576 1659 743 1718 Britannici
766 1665 899 1716 mortem
919 1654 1035 1738 lugeret
1058 1664 1113 1714 aut
1133 1657 1198 1716 Oc.-

161 1763 260 1822 taviae
280 1763 405 1824 iniurias
428 1764 601 1845 evulgaret,
630 1765 682 1824 sed
713 1763 910 1824 destinavisse
932 1783 998 1824 eam
1020 1761 1198 1824 Rubellium

99 1843 102 1861 ⁸
161 1869 325 1947 Plautum,
347 1891 404 1950 per
433 1882 602 1932 maternam
632 1871 779 1953 originem
808 1859 874 1954 pari
909 1891 944 1930 ac
978 1869 1065 1942 Nero
1085 1869 1162 1950 grtia
1182 1892 1203 1930 a

108 1967 144 2030 ιδ
162 1975 233 2036 diro
254 1977 408 2056 Augusto,
434 1957 479 2037 ad'
495 1997 543 2037 res
566 1997 658 2039 novas
682 1967 857 2052 extollere,
872 1977 1071 2060 coniugioque
1085 1975 1147 2036 eius
1164 1985 1199 2038 et

54 2139 62 2148 ,
127 2149 134 2170 ’
160 2083 223 2143 iam
243 2083 374 2164 imperio
402 2105 467 2154 rem
491 2085 642 2166 publicam
664 2107 770 2146 rursus
794 2084 951 2146 invadere.
976 2084 1198 2156 Haec·,ltnrins

129 2171 131 2176 s
162 2199 192 2248 et
219 2188 365 2251 Calvisius
398 2193 554 2264 Atimeto,
589 2193 740 2253 Domitiae
761 2192 888 2254 Neronis
922 2193 1031 2254 amitae
1048 2191 1194 2270 'libe-rto,

161 2297 313 2377 aperiunt.
357 2297 418 2374 Qni
439 2297 535 2358 lactus
549 2297 663 2360 oblatis
687 2299 814 2382 (quippe
833 2302 913 2360 inter
937 2299 1145 2382 Agrippinam·
1164 2311 1196 2362 et

161 2397 324 2462 Domitiam
345 2401 460 2464 infensa
482 2404 644 2466 aemulatio
664 2403 872 2482 exercebatur)
900 2404 1041 2487 Paridem
1070 2405 1195 2468 histrio·

104 2513 143 2552 ²⁰
163 2527 250 2582 aem,
273 2509 414 2570 libertum
448 2521 478 2570 et
513 2505 611 2591 ipsum
632 2512 803 2590 Domitiae,
839 2511 959 2592 impulit
986 2514 1031 2574 ire
1065 2533 1195 2594 propere

15 2635 16 2642 ¹
104 2588 336 2695 worimenque
357 2617 499 2674 atrociter
520 2615 653 2676 deferre.
695 2617 848 2678 Provecta
870 2638 929 2676 noa
955 2628 1032 2692 erat,
1053 2627 1085 2678 et
1100 2619 1193 2682 Nero·
1296 2699 1299 2706 Ι

162 2720 193 2778 ni
215 2741 269 2800 per
291 2717 487 2780 vinolentiam
507 2721 706 2796 trahebatur,
730 2743 798 2784 cum
826 2725 994 2804 ingreditur
1015 2709 1125 2802 Paria,
1143 2747 1193 2789 so-

162 2821 233 2882 litus
263 2821 395 2904 alioquin
424 2823 456 2884 id
485 2815 628 2905 temporis
657 2823 743 2884 luxus
770 2826 912 2906 principis
937 2829 1115 2908 intendere,
1141 2833 1193 2893 sed

162 2942 236 2990 tnnc
256 2932 438 3011 compositus
460 2931 496 2990 ad
517 2933 712 3008 maestitiam,
734 2936 927 3016 expositoque
959 2937 1062 3000 indicii
1083 2937 1193 3001 ordine

104 3044 145 3104 25
165 3039 204 3095 ita
226 3036 398 3096 audientem
421 3047 568 3111 exterret,
591 3049 624 3096 nt
650 3060 711 3098 non
740 3050 865 3100 tantum.
886 3055 1010 3104 matrem
1031 3043 1192 3106 Plautum.
1278 3041 1282 3048 Χ

163 3165 222 3224 que
243 3144 429 3217 interficere,
451 3145 503 3204 sed
527 3147 656 3235 Burrum
689 3149 781 3206 etiam
814 3147 977 3213 demovere
1005 3149 1193 3232 praefectura
1235 3182 1241 3200 ι

163 3251 326 3310 destinaret
347 3261 491 3330 tanquam
513 3252 695 3332 Agrippinae
722 3257 817 3334 gratia
835 3269 1011 3337 provectum
1038 3267 1068 3318 et
1096 3260 1193 3320 vicem
1230 3260 1237 3278 '

165 3355 347 3420 reddentem.
389 3353 503 3414 Fabius
528 3357 666 3420 Rusticus
699 3369 806 3420 auctor
840 3371 883 3421 est
911 3363 1039 3444 scriptos
1066 3386 1128 3424 esse
1152 3365 1193 3426 ad

165 3459 321 3520 Caecinam
341 3459 474 3520 Tuscum
489 3459 652 3536 codicillos,
677 3465 816 3526 mandata
837 3471 866 3527 ei
901 3471 1119 3550 praetoriarum
1144 3492 1193 3534 co-
1271 3525 1276 3534 ,

163 3600 435 3615 maan--

217 3625 220 3632 ι

125 3769 127 3772 Ι
250 3719 273 3752 a.
288 3665 416 3754 ¹incertas
435 3705 505 3757 BM³.
525 3707 623 3759 deiude
643 3709 716 3761 Iulia
735 3709 856 3764 codices:
879 3702 960 3765 lunia
980 3713 1093 3782 Lipsius.

161 3839 162 3842 ,
236 3810 275 3846 ta.
299 3791 426 3862 diffirrcna
444 3796 515 3853 BMfl'.

239 3889 276 3941 15.
296 3901 321 3942 ct
339 3891 393 3943 iam
410 3887 534 3964 imperio]
554 3897 635 3948 ctiam
652 3896 730 3966 perio
747 3893 796 3949 Ma.
