2900 4724
259 269 320 334 aas
473 258 865 327 insternuntur.
914 265 998 326 car.
1019 265 1070 334 oo.

112 449 177 520 sac.
199 450 338 528 ist->quae
360 442 567 503 offerebantur
586 444 680 502 secati
701 453 782 508 snut.
836 442 998 523 illatusque
1021 433 1125 504 eastris
1145 443 1227 505 Nero
1254 451 1284 506 et

262 553 458 634 congruentia
480 549 611 630 tempori
636 549 807 628 praelatus,
836 551 982 629 promisso
1003 549 1145 610 donativo
1163 548 1200 608 ad
1230 571 1283 610 ex·

244 635 399 740 'emplum
420 667 566 737 paternae
584 631 767 736 largitionis,
788 658 951 736 imperator
970 654 1182 717 consalutatum
1208 659 1284 718 Sen-

263 765 389 826 tentiam
407 762 536 823 militum
556 773 658 824 secuta
684 771 807 842 patrum
837 760 991 839 consulte,
1028 783 1083 822 nee
1111 762 1281 826 dubitatum

266 882 310 934 est
329 869 412 950 apud
429 870 607 950 provincias.
649 865 856 948 Caelestesque
875 867 1004 929 honores
1026 867 1154 930 Claudio
1178 866 1318 932 decer-5

266 963 403 1053 iruntur,
424 984 456 1037 et
478 976 592 1035 funeris
611 973 735 1052 solenne
763 974 890 1054 perinde
919 995 954 1034 ne
974 973 1044 1034 divo
1065 975 1203 1055 Augruto
1231 997 1283 1036 oe·

265 1083 421 1158 lebratur‚
442 1083 610 1142 aemulante
632 1079 798 1161 Agrippina
818 1081 1071 1161 proaviaeLiriae
1090 1081 1284 1160 magnificen-

266 1192 350 1250 tiam.
394 1189 617 1250 Testamentum
637 1200 737 1248 tamen
756 1185 838 1248 haud
859 1187 1039 1266 recitatum,
1062 1209 1102 1250 ne
1129 1188 1284 1267 anteposi-

222 1299 228 1312 '
266 1309 315 1360 tus
334 1294 395 1356 lilio
413 1295 572 1376 privignus
593 1294 701 1356 iniuria
721 1303 751 1354 et
772 1292 885 1354 invidia
908 1296 1024 1354 animos
1044 1293 1285 1374 vutgiturharet.

511 1632 631 1694 LIBER
648 1629 828 1692 TERTIUS
849 1627 1045 1696 DECIMUS.

332 1811 512 1864 Breviorinm.
548 1810 657 1876 Silanus
673 1808 819 1876 proconsul
839 1807 917 1858 Asiae
936 1821 1039 1859 veneno
1050 1812 1169 1868 necatus,
1186 1805 1286 1878 Agrip.

266 1907 345 1976 pinea
366 1904 469 1961 fraude.
505 1905 570 1956 ltem
592 1903 731 1954 Narcissus
749 1901 784 1952 ad
808 1911 920 1954 mortem
939 1909 1021 1957 aetus.
1067 1899 1181 1954 Claudio
1205 1903 1287 1954 lunsrs

265 2001 415 2053 censorium
437 1991 564 2058 ductum,
584 2005 611 2048 et
628 1997 784 2048 laudatura
802 1997 932 2064 principe.
969 1998 1042 2046 Bona
1060 1994 1175 2046 Neronis
1197 1995 1287 2062 initia,

266 2103 294 2146 st
315 2094 400 2143 multa
421 2089 536 2141 arbitrio
554 2098 662 2146 senatus
679 2090 833 2140 constituta.
870 2085 960 2140 Parthi
981 2089 1132 2140 Armeniam
1151 2091 1287 2153 affectant,

265 2185 365 2256 quibus
388 2184 520 2235 Domitius
540 2182 659 2235 Corbulo
679 2183 833 2250 opponitur.
870 2181 941 2233 Nero
962 2185 1046 2235 Acten
1064 2181 1188 2234 libertam
1207 2191 1288 2246 amat,

264 2273 349 2332 nistre
367 2279 515 2342 fremente3
534 2291 618 2345 eaque
637 2292 715 2327 cansa
734 2275 892 2326 imminutae
912 2283 1046 2328 maternae
1064 2281 1211 2346 potentiae.
1230 2277 1289 2329 Pal·
1389 2309 1391 2344 3

266 2361 304 2426 las
322 2373 436 2424 libertus
452 2387 515 2424 cura
535 2388 624 2425 rerum
642 2371 775 2422 demotus.
810 2371 875 2424 Mox
894 2386 1029 2424 venenum
1053 2372 1209 2424 Britannico
1223 2391 1288 2441 pro.

265 2477 404 2538 peratum,
430 2474 458 2518 et
482 2465 610 2542 festinum
633 2467 691 2518 eius
720 2465 810 2519 sunus.
846 2467 993 2535 Agrippina
1015 2465 1117 2518 Neroni
1144 2468 1288 2529 offensior,

266 2570 294 2614 et
309 2565 364 2614 visa
383 2578 424 2614 ree
443 2577 524 2638 novas
542 2563 641 2614 moliri.
677 2564 808 2614 Accusata
829 2578 861 2614 eo
877 2555 987 2614 n'omine
1004 2561 1164 2617 absolvitura
1199 2562 1287 2614 Nero-

266 2659 308 2708 nis
327 2659 405 2708 luxus
423 2665 450 2707 et
466 2633 558 2708 lascivi
577 2673 625 2726 per
645 2663 751 2708 noctem
769 2653 913 2708 discursus.
961 2656 1054 2706 Actum
1077 2654 1111 2707 de
1130 2655 1235 2707 libertis
1259 2657 1287 2707 in

266 2753 422 2802 servitutem
442 2753 612 2814 revocandis,
640 2753 687 2802 scd
707 2767 761 2800 nnn
782 2759 926 2818 parastum.
969 2749 1162 2802 Damnationes
1182 2750 1287 2818 aliquot

266 2845 429 2907 illustrium,
448 2825 567 2914 itemque
587 2862 601 2893 a
620 2845 676 2895 sato
698 2853 806 2896 mortes.
840 2847 939 2897 lterum
957 2849 1016 2894 curn
1033 2841 1135 2893 Parthis
1153 2841 1286 2894 discordia

267 2941 495 3008 snperdrmenia.
532 2940 572 2990 Ad
591 2940 663 3008 qnod
683 2941 786 2991 bellum
808 2941 893 3009 prisca
922 2938 1063 2990 severitate
1091 2944 1118 2988 et
1144 2936 1286 3006 disciplina

267 3033 380 3082 mititem
404 3048 481 3082 suum
501 3033 621 3084 Corbulo
643 3035 762 3085 firmavit.
799 3033 994 3084 tstrmeniam
1012 3031 1175 3101 ingreditur,
1193 3033 1287 3084 castel·

267 3125 293 3176 la
311 3125 417 3196 aliquot
434 3125 583 3185 exscindit,
602 3124 696 3176 urbem
714 3124 841 3174 Artaxata
859 3125 932 3192 capit
950 3131 977 3176 et
995 3125 1135 3186 incendit,
1162 3139 1222 3191 rege
1239 3125 1287 3176 Ti·

169 3212 172 3220 ’
267 3218 354 3270 ridate
372 3221 504 3287 praelium
521 3227 567 3270 aut
584 3217 769 3270 defensionem
789 3233 1010 3287 nusquamauso.
1047 3218 1159 3274 Publius
1178 3219 1287 3270 Suillius

267 3314 543 3372 liomaerlamnatur,
572 3312 712 3363 adnitente
739 3311 848 3363 Seneca.
894 3311 1019 3366 Octavius
1048 3313 1149 3382 Sagitta
1170 3313 1288 3364 Pontiam
1389 3363 1390 3366 ,

267 3407 484 3473 tergiversantem
509 3407 541 3457 de
564 3407 681 3474 nuptiis,
713 3407 872 3472 impotentia
888 3408 1002 3468 amoris,
1029 3407 1099 3458 ferro
1126 3406 1288 3475 transadigit.

167 3495 180 3550 ss
270 3499 392 3550 tibertus
413 3517 491 3550 auum
524 3499 627 3550 crimen
651 3499 680 3549 id
705 3498 824 3561 latetur,
849 3515 945 3568 magno
975 3499 1108 3568 exemplo,
1141 3503 1287 3572 Poppaeam

267 3592 395 3642 Sabinam
417 3610 505 3644 amare
526 3594 596 3644 Nero
619 3582 733 3660 occipit;
753 3595 841 3663 deque
865 3595 975 3662 ingenio
1003 3603 1029 3645 et
1046 3597 1150 3648 Venere
1169 3597 1227 3645 cius
1250 3594 1286 3642 le·

268 3687 364 3738 ruinae.
402 3687 543 3738 Cornelius
563 3685 637 3736 Sulla
655 3687 801 3738 Massiliam
821 3689 973 3746 amovetur,
998 3698 1137 3758 suspectus
1165 3685 1285 3756 prinnini.

240 3789 242 3799 ·
267 3779 472 3830 Publicanoruru
494 3781 625 3848 iniquitas
642 3785 797 3848 temperata.
835 3781 865 3830 In
897 3779 1038 3833 Germania
1058 3784 1136 3835 Frisii
1163 3770 1204 3832 res
1230 3797 1285 3828 mo·

195 3875 197 3879 '
268 3878 347 3933 veut,
367 3882 394 3924 et
412 3873 488 3924 sedes
506 3875 580 3924 iuxta
600 3873 720 3926 lilreuum
738 3881 869 3926 conantur
886 3873 985 3944 figere,
1007 3878 1112 3939 trustra,
1133 3879 1197 3945 quia
1217 3873 1285 3942 pulsi
