2826 4730
216 312 275 382 142
506 373 509 379 ,
641 316 851 382 ANNALIUM

68 492 315 580 reconpansa
338 497 375 558 ad
408 519 498 560 curas
521 501 622 560 'vitam
657 501 841 583 produxero.
883 501 1046 564 Decirnus‘.5
1062 499 1185 566 Silanus
1214 503 1246 564 in

214 607 297 688 nepti
307 605 440 691 Augusti
454 609 586 686 adulter,
604 624 782 694 quanquam
807 633 868 673 non
889 611 973 674 ultra
993 611 1069 674 toret
1088 613 1247 690 saevitum,

212 735 304 799 quam
327 725 362 777 ut
385 715 517 778 amicitia
538 719 674 780 Caesaris
695 719 927 802 prohiberetur,
947 719 1082 782 exsilium
1103 720 1159 782 sibi
1190 719 1249 782 de·

212 827 374 886 monstrari
396 823 554 887 intellexit:
575 847 631 888 nec
654 829 713 888 nisi
727 827 854 889 Tiberio
875 829 1068 910 imperitante
1091 825 1249 912 deprecari

210 941 351 994 'senatum
379 955 415 996 ac
438 936 605 1018 principem
625 955 715 998 ausus
742 947 787 998 est
827 937 923 999 Marci
942 935 1035 998 Silani
1063 937 1168 998 fratris
1192 915 1289 1020 pir-5

155 1065 157 1070 ·
211 1039 323 1118 tentia,
347 1043 400 1126 qui
422 1063 476 1125 per
493 1028 644 1125 insignem
672 1043 861 1106 nobilitatem
882 1054 913 1104 et
932 1044 1135 1126 eloquentiam
1156 1065 1249 1127 prae·

210 1146 349 1214 cellebst.
373 1149 434 1212 Sed
452 1149 601 1212 Tiberius·
615 1149 712 1234 grates
732 1129 833 1234 agenti
845 1149 960 1228 Silano,
979 1152 1116 1234 patribus
1131 1171 1246 1228 coram,
1327 1218 1329 1222 ,

160 1319 163 1326 ,
212 1255 371 1337 respondit
391 1279 423 1320 se
444 1279 566 1343 quoque
586 1259 694 1322 laetari
715 1260 798 1342 quod
826 1259 924 1322 frater
945 1263 1009 1338 eius
1031 1281 1049 1322 e
1070 1263 1247 1342 peregrina·

212 1365 296 1426 tione
317 1365 481 1450 longinqua
501 1370 702 1446 revertissct3
726 1367 818 1451 idque
838 1370 905 1429 iuro
925 1367 1064 1445 licitum,
1095 1369 1166 1450 quia
1186 1389 1246 1428 uon

212 1482 334 1532 senatus
355 1473 513 1553 consulto,
536 1495 596 1536 nun
623 1476 689 1557 lege
710 1475 815 1558 pulsus
845 1474 937 1540 foret.
978 1472 1043 1537 Sibi
1069 1486 1169 1536 tamen
1196 1475 1246 1536 ad·
1266 1475 1305 1521 ¹⁰

213 1597 319 1640 versus
339 1602 410 1641 eum
430 1583 564 1665 integras
583 1585 716 1664 parentis
735 1585 781 1645 sui
802 1581 1000 1660 offensiones,
1028 1603 1126 1664 neque
1144 1581 1245 1642 reditu

211 1684 307 1746 Silani
326 1687 472 1752 dissoluta
490 1713 569 1774 quae
590 1693 743 1775 Augustus
768 1690 922 1752 voluisset.
961 1685 1035 1750 Fuit
1064 1688 1190 1772 posthac
1211 1667 1244 1749 in

211 1794 304 1871 urbe,
329 1816 430 1878 neque
452 1795 583 1860 honores
602 1798 732 1880 adeptus
751 1809 806 1859 est.

187 1929 190 1937 ¹
294 1902 435 1966 Relatum
455 1907 566 1968 deinde
590 1908 628 1968 de
650 1906 834 1969 moderanda
854 1905 1128 1987 PapiaPoppaca,
1151 1887 1306 1986 quaro25

211 2011 313 2074 senior
335 2011 491 2094 Augustus
510 2023 579 2096 post
600 2013 690 2074 lulias
712 2013 885 2094 rogationes
905 2014 1067 2100 incitandis
1095 2012 1244 2074 caelibum
1266 2009 1305 2073 15

211 2122 314 2204 poenis
333 2127 365 2180 et
384 2117 524 2200 augendo
541 2121 659 2180 aerario
676 2129 827 2186 sanxerat.
868 2119 932 2180 Nec
950 2119 1019 2182 ideo
1045 2121 1185 2198 coniugia
1215 2127 1247 2180 et

212 2228 406 2290 educationes
428 2227 555 2286 liberum
576 2225 873 2308 frequentabantur,
897 2226 1067 2308 praevalida
1098 2225 1268 2286 orbitates.

213 2345 346 2395 ceterum
362 2331 525 2394 multitudo
545 2331 785 2414 periclitantium
810 2331 964 2414 gliscebat,
986 2351 1054 2392 cunr
1077 2332 1176 2392 omnis
1194 2329 1251 2390 do·

211 2459 279 2504 mus
310 2441 483 2502 delatorum
520 2439 825 2523 interpretationibus
868 2441 1119 2516 subverteretur3
1153 2451 1249 2520 utque

212 2549 339 2612 antehac
359 2522 502 2630 flagitiis,
522 2547 563 2606 ita
582 2555 655 2606 tuuc
673 2544 790 2627 legibus
812 2545 1016 2606 laborabatur.
1057 2545 1104 2605 Ea
1128 2565 1175 2604 res
1196 2543 1247 2604 ad·
1264 2555 1307 2604 so

174 2703 177 2710 ι
212 2671 335 2738 monet,
356 2639 391 2720 ut
412 2658 450 2718 de
471 2641 737 2738 principiisiuris,
770 2664 800 2714 et
826 2653 937 2736 quibus
972 2652 1071 2713 modis
1102 2652 1139 2712 ad
1166 2651 1246 2712 hane

211 2767 437 2830 multitudinem
470 2763 622 2824 infinitam
657 2783 692 2822 ac
724 2762 904 2823 varietatem
933 2760 1032 2843 legum
1062 2749 1246 2841 perventum

169 2861 171 2869 i
212 2875 274 2951 sit,
313 2877 402 2937 altius
440 2874 593 2934 disseram.
668 2871 871 2932 Vetustissimi
896 2870 1116 2946 mortalium,
1160 2866 1305 2950 nullaffi

211 2987 313 3047 adhuc
335 2985 415 3044 mala
436 2981 580 3060 libidine,
602 2983 667 3042 sine
688 2980 802 3061 probro
825 2979 947 3054 scelere,
970 3001 1066 3061 eoque
1087 2982 1152 3038 sine
1172 2999 1246 3059 poe·

212 3117 251 3154 na
273 3104 324 3153 aut
345 3089 579 3151 coercitionibus
600 3088 736 3170 agebant.
780 3089 886 3169 Neque
908 3089 1049 3168 praemiis
1069 3107 1145 3167 opus
1173 3079 1249 3164 el'at,
1263 3085 1306 3149 25

212 3222 282 3263 cum
303 3200 431 3261 honesta
449 3209 555 3280 suopte
572 3197 693 3280 ingenio
713 3207 885 3279 peterentur
897 3217 908 3273 3
929 3207 958 3256 et
982 3197 1033 3257 ubi
1059 3195 1139 3255 nihil·
1170 3220 1245 3258 eou-

213 3318 262 3366 tra
283 3325 397 3364 morem
414 3311 580 3390 cuperent,
604 3299 678 3362 nihil
700 3323 754 3383 per
763 3311 876 3360 metum
897 3301 1086 3390 vetabantur.
1110 3304 1149 3360 At
1170 3313 1246 3383 post.

212 3436 304 3500 quam
326 3414 393 3474 exui
417 3413 601 3495 aequalitas,
625 3423 655 3472 et
674 3431 730 3492 pro
751 3410 894 3470 modestia
923 3431 959 3470 ac
985 3409 1100 3490 pudore
1120 3410 1246 3472 ambitio

149 3579 151 3586 .
212 3535 243 3585 et
268 3523 312 3583 vis
334 3523 506 3597 incedebat,
528 3541 693 3604 provenere
712 3518 950 3596 dominationes,
973 3516 1145 3603 multosque
1165 3519 1247 3604 apud

208 3641 502 3656 ...ο-...αὴ

284 3748 324 3799 25.
346 3743 588 3798 comessationibus
608 3744 653 3804 M,
673 3715 825 3812 syllaba'g''ta
847 3744 954 3811 punctis
973 3751 1074 3797 notata.

120 3883 127 3906 ,
211 3885 213 3888 .
284 3857 325 3908 ap.
343 3853 454 3892 mortem
474 3838 519 3888 M:
536 3854 635 3888 morem
655 3834 808 3887 Beroaldus.

286 3955 326 4006 29.
348 3933 487 3986 incidebat
511 3931 554 3980 ll:
573 3927 717 3983 incedebat
739 3931 855 4000 Lipsius·
