2862 4726
151 331 156 338 ’
210 341 270 403 aas
516 303 519 313 ’
618 327 831 396 nuntiatum
1192 384 1203 425 χ

56 526 82 596 (ι
99 521 125 572 C.
136 525 189 596 35.)
202 527 247 607 gis
265 507 406 585 Phraatis
426 509 520 578 lilium
535 520 631 590 Roma
648 521 827 600 poscebant:
853 519 974 580 ironriue
992 528 1110 580 tantum
1125 529 1154 578 et
1177 539 1250 578 auc·
1319 520 1332 536 ²

203 642 274 694 tore
296 651 388 710 opus,
419 640 452 687 ut
482 629 591 708 sponte
621 609 778 700 Caesaris,
810 640 844 688 ut
873 649 967 710 genus
991 625 1121 686 -Arsacis
1152 627 1249 712 ripam

143 726 157 771 l
200 735 282 818 apud
304 733 472 814 Euphratis
494 744 683 796 cerneretur.
728 731 871 814 Cupitum
889 729 921 790 id
951 729 1089 797 Tiberio.
1140 721 1304 802 'OrnatssQ

199 841 357 906 Phraaten
379 843 570 924 accingitque
591 853 753 923 paternum
772 839 812 901 ad
834 839 1004 922 fastigium,
1026 841 1177 902 destinata
1198 860 1248 928 ref

197 953 316 1042 tipens,
337 950 470 1010 consiliis
492 959 522 1042 et
542 957 610 1010 astu
636 969 683 1008 res
707 959 850 1008 externas
871 946 995 1027 moliri,
1025 963 1109 1009 arma
1137 951 1245 1031 procul
1267 945 1282 1005 5

197 1059 334 1120 habere.
366 1060 486 1120 Interea
508 1043 635 1139 cognitis
658 1055 773 1117 insidiis
807 1057 982 1118 Artabanus
1005 1033 1264 1156 tardas-i'metu,=

197 1167 292 1229 modo
313 1167 455 1250 cupidine
476 1159 592 1226 vindict
580 1175 629 1226 tae
651 1165 854 1227 inardescere
898 1159 940 1226 Et
963 1157 1102 1228 barbaris
1124 1175 1249 1229 cuncta-

196 1282 239 1338 tio
260 1258 396 1354 servilis,
422 1278 525 1336 statim
543 1252 665 1358 exsequi
689 1275 808 1358 regium
830 1275 962 1336 videtur.
1009 1276 1115 1338 Valuit
1143 1288 1245 1338 tamen

197 1385 331 1462 utilitas,
363 1396 397 1446 ut
428 1363 556 1447 Abdum
584 1389 681 1469 specie
715 1385 867 1446 amicitiae
899 1393 1040 1446 vecatum
1072 1385 1111 1446 ad
1142 1385 1245 1468 epulas

196 1493 278 1553 lento
302 1513 419 1552 veneno
436 1491 580 1575 illigaret,
596 1493 751 1554 Sinnacen
775 1491 1022 1582 dissimulatione¹
1036 1515 1078 1554 ac
1092 1493 1191 1572 donis,
1213 1497 1248 1554 si·
1271 1499 1305 1551 rh

196 1601 260 1662 mul
289 1624 344 1682 per
380 1604 500 1684 negotia
531 1615 714 1666 moraretur.
758 1593 800 1664 Et
827 1603 977 1664 Phraates
1008 1603 1091 1686 apud
1124 1605 1243 1664 Suriam

197 1707 272 1767 dum
294 1709 420 1768 omisso
426 1708 493 1770 cult
481 1716 516 1769 tu
540 1703 700 1787 Romano,
722 1711 771 1769 cui
791 1704 849 1791 per
869 1720 915 1769 tot
941 1731 1035 1780 annos
1057 1713 1241 1788 insueverqat

195 1817 316 1878 institut
318 1840 334 1876 a
304 1817 540 1908 tParthorum
564 1819 703 1894 insumit,
726 1821 833 1898 patriis
850 1811 1023 1882 moribus'
1016 1840 1114 1900 impar
1137 1821 1243 1882 morbo
1413 1818 1423 1973 ί

188 1909 375 2036 'ahsumptus
396 1935 452 1984 est.
477 1921 537 1985 Sed
560 1947 621 1985 non
637 1915 780 1986 Tiberius
803 1923 905 1984 omisit
926 1927 1055 2006 incepta.
1085 1927 1240 1989 Tiridaten

196 2023 351 2114 sanguinis
384 2033 521 2095 ciusdem
554 2027 708 2094 aemulum
752 2017 929 2110 Artahano,
966 2022 1240 2119 reciperandaeque
1262 2041 1298 2102 15

197 2141 360 2202 Armeniae
377 2132 528 2204 Hiberum
550 2133 761 2203 Mithridatem
775 2135 918 2226 deligit,
936 2138 1137 2227 conciliatque
1157 2143 1241 2206 fratri

112 2241 115 2254 ’
162 2316 164 2325 Α
194 2249 421 2328 Pharasmani,
444 2251 498 2332 qui
529 2241 670 2332 gentile
662 2253 828 2333 imperium
860 2247 1040 2330 obtinebat3
1064 2263 1111 2313 et
1125 2255 1241 2325 cunetis
1281 2279 1288 2291 ⁴

197 2349 275 2440 quae
294 2359 376 2440 apud
397 2353 560 2420 Orientem
582 2357 788 2438 parabantur,
821 2359 951 2419 Lucium
974 2359 1132 2420 Vitellium
1153 2384 1241 2444 prae·

187 2446 277 2526 lecit.
300 2464 345 2527 Eo
367 2462 406 2525 de
418 2456 550 2524 homine
580 2447 692 2524 haud
687 2487 754 2526 sum
776 2451 899 2550 ignarus
926 2470 1077 2530 sinistram
1105 2471 1136 2528 in
1162 2471 1240 2531 urbe

98 2591 100 2594 ·
174 2575 326 2650 lamam,
348 2562 496 2656 pleraque
517 2567 630 2633 foeda
628 2565 812 2651 memorari,
838 2587 976 2638 ceterum
1009 2567 1151 2660 regendis
1173 2600 1239 2660 lar-o
1260 2602 1299 2641 20

95 2703 98 2706 ·
195 2675 303 2744 vinciis
327 2701 426 2762 pusca
444 2681 579 2742 virtute
577 2682 655 2764 egit.
695 2658 793 2744 llnde
825 2707 1002 2768 regressus
1024 2683 1054 2746 et
1074 2677 1239 2746 formidine
1279 2739 1281 2743 ,

106 2797 125 2822 ’“
187 2769 251 2854 ‘Gai
275 2791 428 2867 Caesaris,
451 2781 656 2854 familiaritate
675 2791 798 2854 Claudii
814 2806 906 2876 turpe
928 2797 958 2855 in
991 2789 1150 2857 servitium
1173 2781 1240 2854 mu-

183 2908 298 2975 tatus,
322 2891 472 2979 exemplar
491 2899 571 2982 apud
592 2879 729 2982 posteros
759 2883 925 2962 adulatorii
957 2901 1114 2962 dedecoris
1144 2901 1240 2974 liabe-

153 3067 155 3070 .
187 2987 265 3084 qur,
291 3011 511 3092 cesseruntque
526 3013 625 3090 prima
647 3011 828 3092 postremis,
852 3021 883 3072 et
905 3010 986 3072 bona
1014 3014 1156 3074 iuventae
1190 3034 1235 3074 se-

95 3099 98 3108 *
195 3107 299 3174 uectus
321 3099 470 3196 flagitiosa
492 3113 702 3178 oblitteravit(
736 3123 779 3177 At
799 3113 833 3176 ex
855 3113 970 3198 regulis
1006 3121 1092 3200 prior
1107 3118 1292 3198 Mithri-33

185 3209 279 3281 ¹dales
296 3209 541 3283 *Pharasmanem
563 3221 695 3308 perpulit
716 3215 787 3286 dolo
812 3238 841 3286 et
861 3229 890 3287 vi
914 3237 1041 3289 conatus
1064 3249 1134 3288 suos
1153 3229 1237 3288 iuva-

194 3350 248 3408 ιε’,-
270 3332 442 3412 repertique
471 3341 662 3413 corruptores
692 3317 847 3414 ministros
873 3333 1002 3395 Arsacis
1034 3335 1131 3420 multo
1161 3357 1237 3396 auro

194 3439 233 3500 ad
254 3439 351 3502 scelus
371 3453 495 3524 cogunt.
538 3439 636 3505 Simul
656 3442 765 3505 Hiberi
797 3445 914 3524 magnis
937 3443 1030 3524 copiis
1062 3443 1236 3504 Armeniam

193 3547 389 3630 irrumpunt,
413 3559 443 3610 et
461 3549 556 3630 urbe,
572 3549 717 3610 Artaxata
748 3554 918 3632 potiuntur.
962 3548 1235 3635 Quaepostquam

205 3735 530 3750 h——u--u-—un--un-o———n

261 3866 266 3876 ¹
285 3883 307 3932 5.
329 3875 401 3948 astu]
424 3865 559 3930 asatu'lll.
581 3875 616 3928 Cf
632 3876 742 3967 ad'pn'g.
767 3878 832 3946 ill,
855 3869 892 3932 i5.
913 3899 999 3952 sopp.
1037 3885 1123 3950 2579.

270 3977 309 4026 16.
328 3975 456 4049 Hiberum
479 3968 685 4056 mithridentem
700 3975 736 4028 M.
756 3976 830 4030 idem
850 3993 911 4030 mox
932 3995 952 4030 c¹
973 3981 1004 4034 33
1025 3979 1132 4032 Hiberi.
1220 3996 1226 4002 ·
