2862 4730
436 601 925 704 ΙΡιιιιιιιιιο,

590 763 782 790 -···-··-·-·r·

172 853 334 964 Postquam
352 867 461 948 'duobus
479 897 535 948 lere
555 889 655 948 abhinc
668 901 746 950 annis
767 899 820 948 ‹luo
842 901 882 949 illi
898 901 1011 960 codices,
1034 900 1104 950 uude
1117 916 1193 968 prae-

173 995 242 1049 e'lara
257 998 363 1066 ingenii
379 999 498 1051 Tacitini
520 1009 693 1052 monumenta
716 1001 859 1070 praecipue
882 1011 1018 1070 petuntur,
1039 1006 1072 1054 de
1092 1006 1196 1070 integro

172 1101 378 1169 perlustrabas
387 1103 482 1170 pluras
496 1101 633 1171 prioribus
644 1103 795 1154 editoribus
806 1105 925 1170 neglecta
938 1113 985 1154 aut
998 1109 1117 1173 ignorata
1126 1122 1198 1156 nunc

174 1207 279 1255 demum
292 1207 397 1272 cognita
413 1210 490 1268 suni,
506 1208 558 1256 iarn
569 1207 658 1258 Taciti
677 1207 812 1260 editiones
828 1211 856 1257 iu
869 1226 943 1258 usum
957 1209 1108 1260 scholarum
1122 1209 1196 1276 prius

176 1311 262 1361 iactae
280 1325 336 1360 nou
346 1301 481 1362 sulliciu'nt
494 1311 537 1372 iis,
553 1310 653 1380 quibus
668 1311 702 1360 ad
718 1311 844 1380 legendos
858 1319 885 1362 et
897 1313 1071 1380 explicandos
1083 1301 1209 1378 scripto-⁴

179 1427 221 1465 res
241 1413 369 1482 antiquos
384 1429 492 1483 operam
508 1422 631 1466 accurate
645 1415 766 1494 conferre
780 1416 943 1466 destinatum
958 1422 1005 1466 cst.
1025 1393 1199 1484 Quapropter

176 1523 284 1585 rogatus
302 1513 335 1567 ab
350 1515 462 1569 librario
489 1525 519 1569 ut
537 1533 631 1570 novam
651 1517 740 1570 Taciti
753 1519 902 1572 editionem
922 1535 1059 1588 pararem¹
1082 1533 1152 1586 quae
1170 1520 1199 1568 in

179 1620 279 1672 scholis
296 1629 350 1673 tam
362 1620 475 1672 minoris
494 1637 573 1690 quam
592 1622 702 1672 maioris
715 1621 817 1673 ordinis
833 1623 892 1671 usui
911 1628 989 1683 essct,
1003 1637 1111 1689 operam
1123 1622 1148 1672 ei
1161 1623 1199 1671 ite

176 1724 316 1790 pollicitus
328 1739 397 1784 sum,
411 1730 440 1772 ut
452 1704 546 1773 liceret
565 1722 598 1771 de
613 1722 668 1771 illis
683 1724 755 1784 locis,
773 1724 915 1792 inquibus
932 1725 1080 1784 scribendis
1095 1735 1143 1776 aut
1156 1727 1201 1776 in·

177 1823 361 1893 terpretandis
373 1840 432 1874 mea
450 1805 519 1874 ratio
538 1841 552 1875 a
572 1824 707 1893 prioribus
722 1821 872 1876 editoribus
887 1825 1061 1892 «increparet,
1082 1824 1201 1878 diversae

180 1928 332 1980 sententiae
349 1914 503 1994 argumenta
515 1942 700 1995 proponerem.
721 1929 760 1978 lta
771 1929 841 1978 euim
859 1929 915 1978 lore
929 1926 1114 1996 providebam,
1133 1937 1202 1982 utet

179 2032 238 2097 ipse
256 2029 386 2081 nonnulla
403 2031 523 2080 afferrem
542 2030 576 2080 ad
597 2031 855 2095 praestantissimum
875 2046 963 2080 rerum
985 2032 1142 2098 scriptorem
1159 2033 1203 2081 vel

180 2111 378 2184 emendandum
395 2132 438 2185 rel
451 2132 549 2182 rectius
562 2133 776 2201 intelligendum.
794 2131 948 2183 Editiouem
962 2143 1053 2184 autern
1066 2136 1105 2188 sic
1122 2119 1203 2188 insti·

181 2237 231 2297 tui,
251 2242 351 2288 uteem
372 2234 511 2286 codicibus
526 2233 656 2286 Mediceis
675 2242 897 2302 attemperatum,
912 2232 998 2286 irisi'
978 2254 999 2287 ιι
1014 2252 1105 2306 graves
1124 2241 1204 2292 ratio-

182 2358 231 2395 nes
248 2360 281 2395 ex
301 2343 409 2411 linguae
421 2341 671 2418 sententiarumque
690 2341 795 2408 legibus
811 2344 938 2432 petitaea
956 2340 1070 2392 ducibus
1082 2342 1138 2394 illis
1150 2343 1205 2394 dia-

183 2452 285 2497 ees'sum
305 2443 464 2494 suadebant
502 2441 583 2511 Quod
603 2443 729 2518 quotiens
760 2425 872 2505 accidit,
893 2453 940 2495 aut
971 2443 1085 2496 aliorum
1117 2448 1204 2516 recepi

184 2547 385 2599 emendationes
403 2545 547 2599 breviter'
539 2563 568 2596 m
585 2547 657 2598 uotis
670 2545 819 2608 indicatas,
838 2556 885 2598 aut
906 2568 919 2599 a
936 2566 976 2598 me
994 2551 1053 2620 ipso
1073 2549 1206 2616 excogita-

111 2671 113 2684 *
179 2649 309 2702 tradedi.
326 2644 543 2717 orthographiae
558 2645 685 2726 feree'am
697 2648 766 2700 viam
777 2633 911 2718 ingressus
925 2647 992 2712 suna,
1005 2665 1084 2720 quam
1094 2653 1209 2718 praeivit

184 2744 458 2821 vispludentlas'im'us
470 2749 618 2821 immanuel
628 2747 776 2812 oehlerus,
789 2749 842 2801 nisi
855 2751 928 2820 quod
940 2751 969 2801 in
980 2753 1071 2819 paucis
1083 2759 1208 2804 coustan-

186 2857 242 2906 tiae
260 2869 346 2913 eausa,
365 2855 393 2904 iu
411 2851 552 2904 nonnullis
565 2841 669 2902 ratione
681 2851 807 2904 inductus
820 2834 956 2903 auctorem
975 2852 1091 2905 deserui.
1119 2856 1209 2907 huno-

188 2959 306 3010 tatioues
316 2957 463 3024 exegeticus
471 2953 567 3016 adieci,
577 2953 624 3005 nbi
634 2955 702 3006 alios
715 2961 762 3005 aut
772 2961 860 3005 tacere
871 2963 918 3006 aut
927 2973 1014 3007 errare
1023 2955 1209 3014 animadverti.
1238 2995 1239 3000 ,

189 3061 230 3110 De
248 3057 401 3121 oodicibus,
419 3075 487 3128 quos
506 3057 604 3109 litteris
622 3057 678 3108 suis
695 3055 850 3109 initialibus
870 3049 995 3126 signavi,
1018 3057 1084 3110 haee
1102 3061 1209 3129 accipe:

190 3156 222 3212 Μ
240 3172 281 3214 est
297 3161 434 3213 Mediceus
444 3163 501 3211 tire
513 3156 694 3223 Corbeiensis,
707 3157 893 3212 bibliothecae
907 3161 1106 3214 Laurentianus
1122 3164 1209 3232 plutei

222 3269 259 3319 68
279 3265 363 3316 codex
381 3263 477 3324 cotim
497 3264 525 3313 in
538 3262 703 3313 monasterio
724 3261 885 3315 corbeiensi
907 3264 1097 3342 Westlalorum
1116 3266 1212 3318 insen-

225 3379 268 3420 tus
287 3367 320 3417 ab
339 3369 440 3436 Angeia
455 3343 627 3424 hrcimboldo
640 3374 783 3436 quaestore
799 3365 900 3423 Ιιοοιιίι
911 3366 1087 3436 Χιροιιιίΐιοίι
1101 3371 1213 3422 Romani

225 3481 254 3524 et
267 3457 410 3523 abeodem
424 3453 530 3521 delatus
544 3468 578 3519 ad
590 3468 716 3532 Leonem,
733 3469 781 3520 aba
796 3485 852 3538 quo
863 3471 1018 3566 quingentis
1030 3473 1118 3524 aureis
1135 3490 1215 3524 nuru-

227 3577 277 3626 uris
297 3584 402 3644 emptus
422 3577 451 3624 iu
470 3571 675 3634 bibliothecam,
692 3579 884 3642 postmortem
903 3574 1067 3630 Florentiam
1085 3577 1216 3644 migravit

227 3681 280 3731 Ser
294 3681 397 3748 priores
412 3679 568 3732 lnealis'm
572 3679 664 3738 libros,
675 3679 741 3754 qui
736 3687 791 3730 non
804 3679 857 3728 nisi
872 3677 1027 3736 hoceodiee
1039 3679 1218 3739 servarimus,

230 3785 331 3851 primus
355 3800 387 3834 ex
405 3799 436 3834 co
457 3782 542 3864 edidit
561 3781 700 3852 Philippus
722 3751 886 3844 Bhroaldus‚
906 3754 1023 3841 Rodiae
1034 3783 1120 3840 ababa
1133 3781 1218 3832 lorum

230 3887 359 3954 maxima5
383 3886 481 3940 deiude
502 3884 616 3938 cundem
636 3884 736 3935 librum
752 3885 841 3937 tlcnuo
864 3893 1038 3938 excusserunt
1055 3882 1165 3938 Curtius
1180 3885 1219 3935 et
