2862 4730
227 311 274 386 tt
534 384 538 392 ,
645 315 856 386 auratum

83 503 112 563 (θ
130 499 224 572 (aa.)
235 499 331 562 isdem
353 501 529 574 laboribus,
550 499 602 560 sed
625 499 718 560 linem
746 511 807 558 tam
841 501 990 560 exercitae
1017 498 1143 564 militiae
1157 520 1270 582 ,ireque

230 611 353 692 inopem
395 607 530 688 requiem
540 643 545 674 1
569 603 710 666 orabant.
744 606 880 694 'Fuere
918 607 1010 698 etiam
1052 606 1104 687 qui
1144 604 1271 687 legatam

230 739 247 776 a
270 717 342 776 divo
366 716 502 797 Augusto
526 714 689 794 pecuniam
714 724 927 794 reposcerent,
949 712 1054 773 faustis
1077 715 1108 774 in
1141 714 1272 778 Germa-

229 827 332 886 nicum
354 823 527 899 ominibus,
555 822 630 881 etsi
653 819 744 882 vellet
766 821 951 904 imperium,
982 833 1140 904 promptos
1168 835 1270 887 osteu-

227 943 342 1004 tavere.
384 933 466 990 Tum
483 946 567 1004 vero,
591 929 677 1010 quasi
693 929 811 990 scelere
831 931 1106 1004 contaminaretur,
1128 939 1300 1014 praeceps5

228 1039 376 1103 tribunali
397 1038 527 1100 desiluit.
571 1037 792 1130 Opposuoruu't
814 1038 938 1101 abeunti
962 1059 1059 1116 arma,
1085 1037 1270 1117 minitantes,

197 1217 199 1222 ¹
230 1151 262 1208 ni
291 1148 513 1230 regrederetur,
556 1147 598 1215 At
634 1145 685 1208 ille
714 1149 898 1212 moriturum
924 1151 1025 1232 potius
1054 1169 1146 1230 quam
1178 1149 1270 1212 fidem
1311 1168 1315 1217 ζ

229 1266 352 1324 exueret
373 1253 542 1328 clamitans,
567 1255 684 1316 ferrum
703 1275 724 1314 a
746 1253 842 1316 latere
865 1255 1010 1340 deripuit,
1025 1253 1201 1339 elatumque
1217 1258 1272 1318 dess

154 1423 156 1428 ,
227 1363 344 1422 serebat
364 1365 395 1422 iu
415 1370 529 1442 pectus,
554 1360 585 1418 ni
606 1360 735 1444 proximi
759 1381 899 1441 prensam
923 1361 1060 1432 deutrum
1083 1362 1114 1426 vi
1130 1366 1272 1446 attinuis-

171 1467 172 1474 '
228 1483 306 1538 sent.
351 1471 496 1530 Extrema
515 1478 544 1528 et
569 1466 750 1549 conglobata
774 1467 905 1532 interae
940 1490 1011 1550 para
1031 1470 1204 1548 concionis,
1234 1491 1323 1536 acto

222 1581 278 1639 ,vix
298 1573 443 1642 credibile
465 1576 559 1653 dictu,
582 1577 707 1658 quidam
723 1576 832 1658 singuli
854 1579 979 1659 propius
1003 1575 1194 1653 incedentes,
1211 1580 1269 1640 'fe-

228 1684 303 1744 riret
327 1682 557 1763 ‘bcrmabautur3
593 1695 624 1753 et
655 1684 742 1764 miles
775 1685 899 1748 nornine
930 1681 1100 1746 Calusidius
1128 1688 1267 1768 strictum

173 1830 176 1834 -
221 1789 341 1862 ,obtulit
360 1790 506 1871 gladium,
528 1791 633 1863 addito
654 1779 823 1854 acutiorem
845 1813 920 1858 esse.
961 1793 1092 1854 saevum
1117 1793 1159 1854 ld
1181 1795 1268 1856 mali-

180 1911 182 1917 '
227 1919 289 1980 quc
309 1897 401 1958 moris
422 1900 514 1958 etiarn
546 1891 719 1958 furentibus
749 1901 867 1975 visuum
898 1920 933 1958 ae
967 1900 1097 1980 spatium
1123 1900 1183 1962 fait
1207 1925 1268 1984 quo

229 2010 338 2076 Caesar
359 2005 398 2064 ab
419 2006 524 2066 amicis
543 2007 574 2066 in
596 1991 827 2069 tabernaculum
846 2017 1013 2086 raperetur.
1055 1995 1325 2074 Consultatun136

147 2160 152 2170 .
227 2117 270 2176 ibi
297 2115 336 2174 de
358 2112 503 2174 remedio.
546 2113 670 2174 Etenim
693 2112 892 2174 nuntiabatur
925 2114 1025 2194 parari
1053 2111 1185 2196 lagatos,
1216 2117 1269 2196 qui

176 2201 178 2209 i
219 2205 419 2303 ‚superiorem
443 2217 617 2288 exereitum.
632 2219 672 2279 ad
692 2239 814 2283 oausam
847 2217 975 2306 eandem
1004 2221 1184 2301 trabereut;
1216 2223 1269 2291 de-

227 2329 374 2388 stinatum
406 2325 520 2399 excidio
555 2325 706 2385 Ubiorum
736 2324 899 2406 oppidum,
933 2325 1127 2410 imbutasque
1156 2329 1270 2410 praeda

113 2424 116 2443 ’
152 2500 181 2518 ..
227 2456 339 2497 manua
355 2436 387 2494 in
408 2432 611 2516 direptionem
634 2431 803 2494 Galliarum
823 2444 994 2522 erupturas.
1038 2436 1183 2519 Augebat
1205 2459 1270 2500 ma-

226 2557 292 2606 tum
315 2565 428 2624 gnarus
448 2543 602 2617 Romanae
622 2541 780 2602 seditionis
802 2551 845 2618 et,
865 2543 890 2600 si
914 2533 1202 2628 omitteretur-ripa,
1221 2547 1318 2606 in-ao

228 2671 357 2710 rasurus
379 2650 493 2726 hostis3
532 2661 563 2708 at
583 2650 608 2708 si
631 2647 741 2710 auxilia
764 2657 795 2710 et
815 2650 889 2708 socii
912 2649 1075 2710 adversum
1105 2651 1271 2713 absceden-

223 2763 264 2820 tis
287 2759 649 2842 legionesarmarentur,
672 2758 762 2820 civile
793 2757 908 2818 bellum
940 2762 1070 2838 suscipi:
1103 2759 1268 2838 periculosa

225 2867 393 2946 severitas,
427 2867 573 2949 flagitiosa
601 2865 738 2950 largitio:
772 2886 824 2926 seu
853 2862 930 2926 uiliil
968 2864 1056 2925 militi
1083 2865 1145 2926 sive
1166 2869 1269 2930 omuia

231 3050 527 3088 -i-u--a-—aeu-n-rq

225 3170 335 3243 ridetur
354 3189 468 3258 Zeugma
488 3188 555 3240 satis
574 3187 684 3252 audax,
704 3196 735 3242 ut
752 3195 829 3240 atrox
847 3164 930 3260 atque
949 3187 1105 3240 inconditus
1124 3196 1267 3242 veterano-

226 3303 286 3338 rum
308 3285 411 3351 clamor
428 3287 598 3340 luculentius
617 3285 834 3348 describeretur,
853 3283 1059 3355 quodquidam
1078 3285 1164 3354 magis
1182 3300 1267 3354 appa*
1328 3279 1331 3288 '

225 3391 285 3445 ret,
314 3385 336 3434 si
356 3399 451 3434 corum
475 3397 555 3434 voces
574 3383 693 3434 sermoni
713 3379 819 3431 directo
838 3372 1023 3432 includimus:
1050 3377 1157 3440 medere
1166 3379 1265 3448 sessis,

217 3496 282 3540 ‚neu
300 3497 373 3532 mors
394 3479 425 3530 in
447 3475 532 3548 isdem
553 3475 717 3536 laboribus,
746 3473 797 3530 sed
819 3473 959 3541 sinistam
977 3474 1116 3547 exercitae
1136 3474 1265 3538 militine,

217 3585 314 3647 ,ireque
337 3575 419 3644 irmps
439 3573 558 3644 requies.

315 3673 342 3736 lp.
362 3665 510 3740 ominibus]
535 3663 661 3731 omnibus
677 3663 719 3736 M3
742 3669 923 3718 correciuma
944 3661 1091 3739 beroaldo,⁸
1124 3677 1266 3738 promptos

227 3764 273 3827 tt,
295 3765 413 3815 correxit
436 3739 589 3814 dhonenus.
613 3767 618 3778 “
1007 3758 1009 3766 '

300 3877 342 3912 at.
362 3856 403 3930 αι]
423 3875 458 3910 ac
476 3861 522 3920 M,
541 3854 659 3904 correxit
681 3850 836 3904 beroaldus.
1111 3917 1114 3926 .

219 4003 221 4012 Α
301 3955 340 4008 23.
361 3949 430 4022 sive}
449 3950 504 4005 ribi
522 3951 566 4006 M:
586 3963 633 4028 sau
647 3946 818 4004 ,bernaldum
839 3947 894 4000 sinc
913 3948 962 4000 lac.
984 3947 1148 4006 Gronovius.
