2826 4730
18 135 22 202 l

18 223 20 242 ἰ
224 259 334 346 rso·
650 273 860 338 iuuanruu

17 395 21 536 i
57 477 93 545 qs
109 433 145 533 (3
158 435 315 548 usqueque
337 461 375 522 ad
396 435 509 568 flumen
525 459 721 542 Euphraten,
742 468 892 541 quantum
913 456 1026 540 ingenti
1042 466 1198 536 terrarum
1215 461 1259 518 si.

17 555 18 592 t

219 593 261 632 nu
285 569 438 645 ambitur,
471 579 614 651 quattuor
641 568 810 652 legionibus
841 569 989 645 coercita,
1025 567 1134 628 accolis
1169 569 1257 628 lbero

219 677 402 761 Albanoque
418 686 449 738 et
469 675 534 736 aliis
555 675 701 758 regibus,
723 679 776 758 qui
798 676 1007 758 magnitudine
1033 687 1137 738 nostra
1158 685 1254 756 prote-

216 796 334 869 guntur
356 784 517 845 adversum
544 793 669 845 externa
697 785 833 866 imperia.
871 783 916 844 *Et
944 781 1127 844 Thraeciam
1155 779 1254 841 Rhoe·

217 892 358 953 metalces
380 913 415 954 ac
437 891 527 952 liberi
542 870 664 975 Cotyis,
687 884 845 974 ripamque
861 891 996 952 Danubii
1011 886 1164 974 legionrim
1179 890 1258 962 duae
1276 888 1296 949 5

218 973 256 1059 iu¹
273 996 454 1072 Pannonia,
478 983 557 1058 duae
590 1000 623 1058 in
650 996 768 1058 Moesia
798 997 990 1074 attinebant,
1020 998 1148 1060 totidem
1175 997 1258 1080 apud

217 1105 401 1173 Delmatiam
422 1103 547 1182 locatis,
568 1125 647 1187 quae
667 1107 767 1187 positu
790 1107 951 1188 regionisa
967 1116 1055 1188 tergo
1076 1105 1157 1184 illis,
1177 1127 1212 1166 ac
1233 1107 1258 1166 si

216 1217 411 1304 repentinum
433 1206 578 1274 auxilium
601 1213 689 1274 ltalia
711 1225 866 1297 posceret,
890 1213 973 1275 haud
995 1213 1101 1296 procul
1126 1216 1257 1276 acciren·

216 1336 290 1401 tur,
311 1343 485 1414 quanquam
507 1321 653 1384 insideret
671 1323 779 1383 urbem
804 1323 947 1404 proprius
965 1323 1077 1401 miles,
1112 1332 1176 1384 tres
1201 1343 1256 1381 ur·

214 1432 323 1503 barrae,
350 1451 459 1491 novem
478 1431 649 1513 praetoriae
668 1431 821 1510 cobortes,
842 1430 970 1492 Etruria
991 1431 1087 1491 ferme
1112 1429 1255 1492 Umbria·
1281 1448 1315 1488 to

188 1567 191 1580 ¹
215 1561 276 1622 que
296 1538 431 1600 delectae
451 1551 505 1600 aut
526 1551 628 1601 vetere
649 1539 737 1599 Latio
758 1549 788 1600 et
811 1537 938 1601 coloniis
962 1540 1129 1633 antiquitus
1148 1539 1256 1600 lloma·

215 1649 273 1714 nis.
317 1646 359 1707 At
380 1647 464 1729 apud
485 1647 593 1709 idonea
616 1647 846 1728 provinciarum
874 1651 973 1710 sociae
1000 1650 1144 1710 triremes
1176 1647 1257 1708 alae·

215 1777 274 1838 que
299 1765 330 1815 et
350 1753 460 1814 auxilia
482 1752 673 1825 cohortium,
698 1774 795 1835 neque
810 1739 907 1814 multo
923 1773 1007 1815 secus
1029 1754 1060 1814 in
1078 1753 1116 1814 iis
1132 1754 1255 1814 virium:

216 1863 269 1926 sed
291 1862 434 1945 persequi
458 1837 609 1920 incertum
633 1859 740 1936 fuerit,
764 1883 835 1922 cum
867 1883 901 1921 ex
936 1883 991 1922 usu
1024 1865 1170 1944 temporis
1193 1861 1282 1954 buo⁸

214 1973 289 2034 illuc
310 1979 477 2046 mearent,
500 1968 661 2050 gliscerent
681 1989 822 2047 numero,
843 1979 873 2030 et
893 1969 1057 2052 aliquando
1085 1953 1255 2031 minueren·
1276 1961 1313 2024 15

137 2135 147 2154 ,
215 2087 276 2138 tur.
319 2075 498 2157 Congruens
524 2073 707 2138 crediderim
732 2095 888 2135 recensere
913 2086 1029 2138 ceteras
1057 2098 1179 2160 quoque
1211 2060 1282 2139 reiss
1347 2071 1355 2082 ⁸

214 2184 355 2269 publicae
374 2194 493 2265 partes,
518 2184 630 2264 quibus
653 2183 749 2244 modis
774 2183 813 2244 ad
843 2197 908 2243 eam
932 2183 1013 2243 diem
1034 2185 1160 2246 habitae
1181 2184 1278 2256 sint,'

215 2293 338 2377 qnando
357 2291 482 2351 Tiberio
509 2294 619 2352 mutati
641 2295 671 2352 in
693 2289 826 2350 deterius
848 2289 1035 2374 principatus
1061 2293 1182 2352 initium
1202 2290 1255 2353 ille

215 2383 315 2462 annus
336 2397 450 2460 attulit.
484 2399 547 2459 lam
568 2403 701 2480 primum
723 2398 845 2480 publica
869 2403 989 2482 negotia
1012 2402 1254 2482 etprivatorum

173 2583 175 2592 Ι
213 2509 345 2571 maxima
367 2506 448 2590 apud
469 2517 570 2589 patres'
592 2507 820 2585 tractabantur,
843 2501 1035 2592 dabaturque
1064 2508 1308 2592 p1·im0ribus·²0

217 2619 386 2695 disserere,
411 2626 442 2676 et
465 2615 494 2674 in
513 2613 718 2676 adulationem
747 2613 846 2696 lapsos
874 2616 1036 2678 cohibebat
1061 2618 1143 2698 ipse3
1167 2637 1254 2678 man·

215 2724 367 2810 dabatque
387 2724 536 2804 honores,
561 2724 754 2786 nobilitatem
773 2726 939 2802 maiorum,
961 2725 1173 2786 claritudinem
1195 2726 1253 2785 mi·
1274 2736 1278 2746 “

187 2825 188 2828 ¹
215 2835 309 2914 litiae,
329 2833 461 2894 illustres
478 2832 564 2892 domi
581 2843 660 2893 artes
681 2831 859 2913 spectando,
881 2843 915 2894 ut
931 2836 1001 2894 satis
1019 2845 1172 2896 constaret
1191 2856 1253 2894 non

198 2951 200 2958 '
216 2941 293 3004 alios
312 2944 444 3022 potiores
462 2942 566 3006 luisse.
609 2943 670 3001 Sua
689 2941 884 3028 consulibus,
900 2963 960 3003 sua
972 2930 1173 3025 ⁸praetoribus
1188 2965 1250 3025 spe·

216 3051 300 3126 ‘cies3
340 3047 496 3112 minorum
526 3067 648 3130 quoque
673 3048 904 3130 magistratuum
936 3049 1067 3110 exercita
1097 3060 1249 3130 potestas3
1268 3051 1304 3116 25

216 3155 371 3238 legesque,
393 3155 418 3218 si
440 3157 602 3216 maiestatis
622 3155 757 3236 quaestio
778 3158 981 3234 eximeretur,
1009 3157 1091 3234 bono
1116 3159 1149 3218 in
1184 3181 1250 3222 usu.

215 3243 257 3326 ht
276 3265 430 3340 frumenta
453 3275 484 3324 et
496 3265 642 3348 pecuniae
657 3261 826 3346 vectigales,
848 3275 947 3328 cetera
961 3265 1153 3348 publicorum
1169 3267 1251 3328 fruc-

289 3501 326 3535 rr.
346 3486 452 3538 colonis
470 3483 512 3532 M:
538 3483 659 3544 coloniis
684 3484 800 3553 Lipsius·
821 3515 852 3527 -
874 3487 994 3540 coloniis
1018 3485 1174 3560 antiquitus
1196 3491 1251 3544 llo·
1316 3477 1319 3482 ’

216 3579 325 3640 mauis,
344 3578 369 3629 h.
391 3596 414 3630 e.
434 3579 488 3629 illia
507 3577 634 3646 oppidis,
654 3593 709 3648 quo
728 3577 842 3632 Romani
862 3585 976 3653 antiquo
994 3589 1118 3650 tempore
1147 3584 1252 3635 coloni·

166 3739 167 3742 Ἴ
216 3688 245 3722 as
264 3671 445 3725 deduxerint.
480 3687 553 3727 vetus
572 3671 681 3726 Larium
702 3691 760 3726 eam
780 3679 917 3747 regionem
938 3675 1081 3746 designat,
1102 3677 1258 3731 nni't‘rtsct

215 3764 307 3821 Latini
328 3751 464 3838 quoddam
485 3767 684 3820 habitaverunt.

113 3929 118 3938 1
202 3889 205 3896 ’
288 3861 575 3932 14.snicM:saerir
595 3861 711 3932 Lipsius.

175 4025 176 4028 Ἴ
287 3958 326 4008 18.
344 3972 398 4026 quo
416 3957 463 4010 M:
481 3956 593 4026 quondo
612 3955 768 4010 Beroaldus.
