2900 4724
12 283 17 397 l
261 301 324 368 tto
568 289 571 295 '
662 297 874 363 suasurum

12 399 17 429 l

110 490 138 560 (a
153 483 448 560 c.51.)neretionem
473 481 601 566 augebat
631 482 779 558 feminee,
813 504 906 566 quam
931 457 1115 567 imperatore
1138 485 1290 570 genitam,

12 577 14 588 ¹
255 611 393 667 sororem
411 591 475 650 eius
500 595 553 672 qui
573 612 674 652 rerum
688 593 804 672 potitus
825 593 864 652 sit
884 583 913 652 et
934 593 1091 674 coniugem
1112 605 1142 654 et
1163 580 1291 656 matrem

163 686 165 694 ’
255 698 370 771 fnisse,
394 700 519 758 unicum
535 698 573 760 ad
598 698 681 759 hunc
703 698 785 758 diem
807 697 976 781 exemplum
1004 713 1060 761 est.
1104 703 1187 763 luter
1208 725 1288 786 quae

143 835 146 845 ·
237 859 239 866 ,
256 805 437 886 praecipuus
457 815 667 886 propugnator
688 805 753 864 eius
775 803 943 882 Vitellius,
974 805 1158 870 validissima
1179 812 1290 892 gratia,

255 923 352 972 aetate
373 923 506 972 extrema
531 913 622 986 [adeo
646 915 780 974 incertae
799 923 869 974 suut
889 914 1060 994 potentium
1083 915 1145 998 res)
1169 934 1286 974 accuse-
1311 913 1330 976 5

256 1021 341 1082 tione
383 1025 569 1103 corripitur,
620 1021 773 1082 deferente
808 1022 895 1094 lunio
935 1023 1022 1104 Lupo
1054 1023 1205 1084 senatore.
1260 1009 1311 1085 ls'
1437 1089 1438 1092 Ἴ

255 1129 383 1191 crimina
407 1129 571 1189 maiestatis
595 1139 624 1188 et
645 1129 818 1210 cupidinem
839 1130 957 1210 imperii
979 1129 1159 1195 oblectabat.
1201 1127 1325 1201 Prae,
1390 1185 1394 1191 .
1437 1117 1438 1194 l

211 1272 216 1280 ‹
254 1237 430 1318 buissetque
446 1257 533 1298 aures
553 1235 673 1312 Caesar,
695 1235 751 1310 nisi
766 1235 955 1317 Agrippinae
973 1237 1061 1295 minis
1082 1237 1177 1319 magis
1197 1257 1291 1319 qoem

254 1344 396 1428 precibus
418 1354 553 1404 mutatus
575 1354 671 1422 esset,
693 1356 728 1404 ut
751 1345 916 1404 accusatori
942 1365 1020 1426 aqua
1038 1357 1129 1426 atque
1151 1347 1213 1428 igni
1241 1349 1290 1406 in·
1437 1333 1438 1398 l

252 1449 426 1514 terdiceret.
469 1451 623 1514 Hactenus
643 1451 784 1515 Vitellius
805 1450 955 1521 voluerat.
988 1487 991 1492 ·
1314 1471 1352 1513 ro

337 1559 435 1622 Multa
455 1581 491 1622 eo
512 1583 592 1637 anno
614 1559 916 1642 prodigia'evenere.
961 1559 1109 1623 Insessum
1133 1559 1207 1622 diris
1226 1548 1352 1630 avi-43
1437 1641 1438 1644 Ἴ

254 1671 313 1732 bus
337 1668 538 1752 Capitolium,
561 1667 679 1728 crebris
700 1677 805 1728 terrae
832 1647 965 1727 motibus
998 1677 1142 1748 prorutae
1166 1667 1291 1729 domus»

257 1800 293 1840 ee
315 1778 389 1840 dnm
407 1778 496 1840 letius
522 1776 686 1854 metuitur,
708 1776 912 1857 trepidatione
931 1774 1015 1856 ¹vulgi
1038 1775 1188 1835 invalidus
1206 1777 1292 1857 quis.

253 1907 315 1968 que
344 1885 465 1946 obtriti.
507 1885 643 1966 Frugum
662 1901 784 1964 quoque
809 1894 922 1964 egestas
941 1892 972 1942 et
996 1892 1064 1942 orta
1088 1905 1123 1944 ex
1143 1907 1179 1945 eo
1200 1884 1293 1944 sames

254 1995 288 2054 in
310 1992 486 2074 prodigium
507 1991 722 2072 accipiebatur.
773 1990 837 2050 Nec
859 1989 970 2050 occulti
998 1999 1126 2068 tautum
1147 2003 1290 2075 questus,
1316 1986 1354 2048 15

254 2099 309 2160 sed
349 2099 416 2158 iura
451 2098 642 2179 reddentem
659 2095 821 2156 Claudium
854 2099 1073 2157 circumvasere
1109 2097 1291 2158 clamoribus

253 2201 395 2293 turbidis,
411 2204 594 2287 pulsumque
613 2208 644 2264 in
666 2215 829 2264 extremam
848 2204 908 2264 sori
930 2215 1047 2286 partem
1073 2205 1108 2266 vi
1124 2206 1291 2288 urgebant,

253 2313 353 2374 donec
373 2313 504 2372 militum
530 2311 620 2394 globo
654 2311 787 2372 infensos
809 2305 961 2400 perrupit.
1013 2305 1196 2391 Quindecim
1227 2312 1292 2373 die·

147 2408 158 2466 s
253 2442 322 2482 rum
355 2408 496 2478 alimenta
528 2418 611 2496 urbi,
647 2439 710 2478 non
744 2417 893 2499 amplius,
921 2421 1106 2502 superbiisse
1143 2419 1292 2488 constitit.

253 2529 424 2610 Magnaque
451 2527 541 2587 deum
559 2527 747 2610 benignitate
768 2539 799 2588 et
820 2527 965 2588 modestia
987 2528 1092 2589 hiemis
1119 2529 1211 2590 rebus
1234 2551 1286 2590 es.
1306 2533 1346 2584 ιο

178 2687 181 2696 .
252 2635 358 2696 tremis
379 2637 575 2696 subventum.
599 2635 642 2696 At
663 2633 795 2698 Hercule
822 2635 895 2696 olim
922 2635 1008 2696 ltalia
1026 2635 1193 2718 legionibus
1221 2635 1286 2710 lon·
1367 2675 1370 2691 .

254 2748 382 2830 ginquas
402 2747 434 2843 ip
465 2747 639 2827 provincias
661 2755 845 2804 commeatus
864 2742 1031 2826 portabat3
1056 2731 1119 2803 ¹nec
1143 2763 1226 2804 nunc
1240 2743 1288 2804 in·

254 2854 437 2916 fecunditate
457 2851 623 2915 laboratur.
670 2851 739 2914 *Sed
768 2852 904 2912 Africam
921 2851 1022 2933 potius
1053 2860 1083 2910 et
1111 2836 1286 2932 Aegyptum
1437 2887 1438 2926 p

255 2983 443 3036 exercemus,
468 2943 657 3042 navibusque
676 2971 706 3021 et
728 2957 847 3020 casibus
866 2960 928 3020 vite
946 2955 1054 3039 populi
1075 2957 1204 3018 Romani
1222 2977 1290 3038 per·
1348 3031 1353 3036 ἱ

255 3069 344 3130 missa
368 3079 424 3128 est.
565 3097 568 3103 ·
1305 3067 1347 3130 25

339 3172 458 3234 Eodem
479 3194 559 3233 anno
578 3171 692 3233 bellum
721 3172 801 3232 iuter
833 3170 995 3232 Armenios
1023 3169 1212 3254 Hiberosque
1236 3163 1345 3248 cedd
1437 3223 1438 3248 ζ

255 3291 357 3342 ortum
397 3277 522 3342 Parthis
557 3299 680 3362 quoquc
712 3299 746 3338 ac
775 3277 918 3337 Romanis
941 3278 1188 3359 gravissimorum
1213 3276 1291 3358 inter

256 3411 289 3464 se
309 3398 448 3450 motuum
469 3355 557 3445 causa
579 3384 646 3449 fuit.
688 3383 778 3444 Genti
795 3381 981 3442 Parthorum
1004 3379 1166 3464 Vologeses
1192 3383 1289 3463 impe·

257 3495 386 3578 ruebat,
408 3502 552 3582 materna*
560 3494 675 3574 origine
695 3511 730 3553 ex
760 3488 869 3570 pellice
899 3487 1026 3567 Graeca,
1055 3509 1200 3550 concessu
1229 3489 1288 3550 fra-

224 3743 227 3754 *
332 3745 371 3784 ra.
388 3739 537 3798 proruptas
555 3725 615 3788 M⁸,
632 3725 655 3776 ei
673 3724 770 3775 Furiae
790 3723 872 3786 fides,
890 3735 1040 3793 prorutae,
1058 3723 1080 3772 si
1101 3679 1233 3776 blictorio.

268 3823 276 3842 ‘
328 3842 369 3876 ar.
391 3823 604 3876 subvenientem.
626 3819 664 3873 ad
679 3819 789 3874 hercule
807 3817 1002 3872 Mettensi.
1034 3818 1190 3892 regionibus
1218 3831 1279 3866 crum

257 3919 373 3992 ceterist
392 3917 546 3991 legionibus
563 3915 710 3972 Ernestiue.
