2826 4730
498 257 696 324 vuum
741 232 965 328 esra-11.
1215 218 1275 328 ias
1302 292 1309 312 s

234 449 315 512 ditor
333 448 421 510 urbis
443 447 601 521 Romulus,
626 457 693 530 post
717 445 830 508 Sabina
851 443 1017 524 nobilitas,
1041 441 1132 504 Attus
1145 442 1312 520 Clausustn
1327 450 1355 502 (ἲ.
1370 453 1412 504 ot.

233 565 413 638 ceteraeque
439 555 637 618 Claudiorum
658 553 782 638 effigies,
807 551 898 635 longo
922 551 1033 611 ordine
1053 561 1275 638 spectarentur.

177 653 232 734 10
317 666 352 724 ln
375 663 524 724 tradenda
548 641 648 724 morte
669 663 782 742 Drusi,
814 682 893 744 qaae
913 657 1054 742 plurimis
1085 660 1277 740 maximeque

232 772 299 832 lidia
320 773 497 834 auctoribus
517 784 684 834 memorata
704 782 786 847 sunt,
809 768 937 832 rettuli:
961 769 1016 829 sed
1039 788 1101 828 non
1125 765 1277 826 omiserim
1363 811 1365 816 .

193 872 213 936 5
232 879 403 960 eorundem
424 891 597 962 temporum
612 899 783 960 rumorem,
802 878 937 940 validum
962 877 1059 950 adeo,
1078 883 1118 936 nt
1138 872 1277 936 nondum
1388 885 1390 888 '

231 987 389 1053 exolescat.
431 989 589 1072 Corrupta
610 989 650 1051 ad
670 988 768 1048 scelus
787 979 876 1048 Livia
899 985 1044 1046 Seianum
1071 981 1169 1067 Lygdi
1199 1004 1277 1066 quo·
1302 1057 1306 1066 ι

231 1070 298 1175 que,
311 1093 453 1176 spadonis
475 1098 611 1156 animum
636 1093 742 1177 stupro
765 1093 915 1169 vinxisse,
940 1089 1023 1174 quod
1045 1093 1070 1152 is
1097 1102 1195 1152 aetate
1228 1103 1276 1152 st·
1347 1144 1349 1148 ,

233 1224 292 1284 que
312 1203 411 1264 forma
433 1225 522 1266 carus
544 1185 670 1266 domino
690 1207 830 1286 interque
851 1201 1009 1285 primores*
1024 1202 1180 1261 ministros
1195 1208 1275 1276 erat;
1341 1273 1347 1292 .

232 1313 343 1376 deinde
365 1315 447 1376 inter
468 1315 605 1376 conscios
626 1315 679 1374 ubi
700 1313 785 1374 loeus
815 1313 951 1374 veneficii
980 1322 1164 1392 tempusque
1192 1327 1276 1368 oomv

177 1431 214 1470 ¹0
230 1419 327 1501 posita
348 1421 432 1498 sint,
453 1441 490 1481 eo
515 1421 660 1480 audaciae
684 1431 867 1503 provectum*
885 1427 922 1480 ut
941 1427 1080 1478 verteret
1098 1427 1149 1489 et,
1172 1414 1276 1476 occul·
1306 1495 1310 1506 κ

143 1567 158 1576 --
229 1539 262 1589 to
286 1527 400 1588 indicio
414 1529 553 1596 Drusum
577 1529 685 1589 veneni
703 1529 733 1590 in
752 1539 869 1614 patrem
892 1547 1041 1608 arguens,
1064 1533 1205 1584 moneret
1219 1523 1275 1582 Ti·

212 1627 352 1696 ¹berium
377 1631 533 1718 uitandam
556 1633 736 1716 potionem,
759 1655 838 1716 qnae
869 1632 971 1714 prima
1001 1629 1030 1691 ei
1067 1629 1148 1711 apud
1177 1623 1275 1692 filiurn

230 1717 368 1822 epulanti
393 1739 569 1800 offerretur.
612 1741 660 1808 Ea
680 1733 791 1828 fraude
811 1751 877 1800 tum
890 1760 1005 1815 senem,
1026 1745 1187 1819 postquam
1202 1759 1275 1800 con-

183 1915 186 1920 ,
211 1849 346 1910 nvivium
367 1849 496 1924 inierat,
522 1858 678 1930 exceptum
693 1847 837 1930 poculum
852 1850 953 1910 Druso
971 1845 1159 1908 tradidisse:
1183 1853 1275 1928 atque

173 1943 211 2008 15
230 1949 285 2013 illo
300 1953 406 2036 ignaro
425 1963 457 2014 et
469 1953 648 2014 iuveniliter
657 1952 819 2015 hauriente
829 1965 953 2016 auctam
975 1953 1190 2033 suspicionem,
1210 1959 1274 2012 tan·

228 2080 322 2143 quam
334 2057 464 2122 metuet
479 2059 598 2142 pudore
614 2059 738 2120 sibimet
751 2063 904 2144 irrogaret
922 2053 1172 2142 mortenr,'qnem
1192 2060 1275 2140 patri

172 2158 392 2238 listruxerat.
435 2164 521 2226 llaec
543 2163 636 2248 vulgo
656 2165 781 2248 iactat-a,
801 2187 894 2248 super
912 2166 943 2228 id
965 2167 1048 2250 quod
1069 2166 1154 2228 nullo
1174 2179 1275 2230 auoto-

296 2420 317 2456 ι.
335 2402 443 2456 Sabina
461 2401 605 2475 nobilitas]
622 2401 649 2455 h.
664 2419 687 2456 e.
706 2404 844 2458 nobilium
864 2401 997 2458 Claudiae
1016 2407 1114 2475 gentis,
1132 2409 1177 2460 eui
1195 2408 1272 2476 origo

223 2513 260 2550 ει
275 2496 385 2548 Sabinis
412 2496 465 2564 (of.
491 2495 653 2574 Liviusll,
677 2498 744 2568 sa),
768 2499 911 2568 imagines.
946 2499 1037 2550 Verba
1066 2503 1198 2554 continno
1227 2519 1272 2554 ae-

222 2593 337 2663 quantia
354 2595 433 2644 Attus
451 2593 749 2665 mansuescuntque
779 2591 958 2648 Claudiorum
979 2595 1088 2666 effigies
1114 2595 1271 2666 explicandi

223 2688 311 2756 gratia
331 2687 512 2740 adiiciuntur.

313 2781 336 2848 lp
349 2777 435 2854 ficiis}
448 2777 536 2850 fidele
554 2779 592 2830 Μ.
1062 2841 1065 2850 s

311 2890 334 2941 7.
355 2873 390 2946 is]
411 2875 434 2926 is
454 2870 634 2952 lygduslld.
653 2901 689 2914 -
714 2869 855 2926 Glossema
887 2875 953 2927 satis
982 2876 1158 2932 manifestum
1194 2893 1226 2936 et
1253 2903 1270 2937 a
1318 2873 1321 2896 ‘

188 2979 191 2990 '
222 2969 368 3023 Walthero
382 2985 476 3048 *nuper
493 2969 614 3022 infauste
632 2968 773 3022 reductum
790 2971 932 3024 Ernestiua
950 2971 1096 3025 delendum
1119 2991 1177 3028 esse
1196 2987 1269 3030 recte

222 3061 375 3118 iudicarit:
396 3066 501 3134 quippe
524 3067 586 3137 quia
606 3069 768 3136 pronomine
789 3067 937 3133 iudicetur,
968 3087 1024 3123 non
1054 3071 1142 3124 solum
1161 3053 1282 3143 liquide¹

221 3167 301 3232 patet
316 3200 324 3226 ,
339 3161 386 3214 sed
406 3167 471 3232 post
487 3159 617 3230 spadonis
636 3157 717 3212 istius
746 3177 847 3214 nomen
867 3163 922 3216 iana
950 3165 1072 3234 positum
1097 3175 1154 3228 tam
1182 3185 1267 3236 pannea

221 3243 368 3310 interiecta
386 3265 470 3322 sunt,
489 3263 521 3308 ut
539 3256 659 3311 nominis
677 3257 827 3330 repetitio,
845 3263 891 3314 vix
912 3261 990 3314 Livio
1017 3263 1142 3333 quamvls
1170 3264 1267 3314 talium

128 3410 136 3422 ¹
220 3353 419 3422 repetitionum
444 3353 561 3404 amatori
586 3350 784 3417 condonanda,
808 3352 917 3409 l‘l'a'oito
946 3356 1078 3426 impdtari
1105 3357 1187 3425 plane
1215 3374 1266 3409 nc·

221 3456 313 3518 queat.
349 3449 409 3502 Alis
426 3457 518 3501 atatem
536 3447 590 3498 loci
609 3446 674 3509 llll,
692 3448 733 3517 dp
757 3458 799 3502 est
823 3449 913 3515 ratio,
937 3451 986 3503 nbi
1016 3465 1116 3526 nomen
1136 3453 1267 3524 Pelignus

220 3547 284 3594 ante
312 3559 464 3612 pronomen
491 3542 515 3596 is
541 3540 612 3598 salso
636 3559 652 3594 a
676 3543 865 3614 Freinshemio
893 3554 921 3598 et
949 3546 1075 3598 Ernestio
1101 3555 1266 3616 expunctum

219 3641 295 3704 puto:
316 3637 356 3686 ibi
378 3638 451 3690 enim
474 3643 537 3705 post
554 3651 681 3704 magnum
701 3635 876 3691 intervallum
895 3639 926 3691 in
941 3638 1012 3692 novi
1026 3621 1168 3695 enurztiota‘
1183 3643 1268 3694 initio

218 3732 283 3798 apte
291 3743 391 3779 nomen
402 3727 455 3778 iam
467 3729 603 3796 prolatum
612 3745 664 3780 una
674 3745 736 3780 curn
746 3732 909 3799 pronomine
919 3731 960 3797 (la
968 3733 1114 3808 Pelignus)
1124 3739 1266 3810 repetitur.

293 3839 332 3877 ra.
353 3823 393 3902 ei]
413 3835 439 3876 et
457 3825 505 3887 M;
527 3825 645 3876 correxit
666 3825 821 3880 Rhenanus
1074 3828 1076 3831 ’

297 3918 336 3973 ss.
356 3933 414 3970 curt
433 3917 476 3970 M:
491 3897 552 3970 'tum
570 3915 630 3967 Mu.
715 3930 728 3973 ,·
