2900 4724
451 303 522 362 Lttt.
544 299 628 360 xttt.
668 299 761 358 CAP.
787 304 916 367 13-15.
1134 300 1194 366 345

173 491 256 561 gerat
279 479 390 556 Pallas,
414 499 451 540 ne
472 477 615 561 cultisque
637 482 705 540 facti
726 482 753 538 in
775 480 966 559 praeteritum
988 478 1221 562 interrogare-(¹
1249 473 1341 545 0-55)
1433 471 1435 486 ἐ

175 599 241 660 tur,
266 607 409 668 paresque
430 589 559 648 rationes
580 609 647 646 eum
673 609 704 645 te
727 585 848 666 publiea
868 586 1002 647 haberet.
1044 589 1192 664 Praeceps
1278 657 1282 672 „

173 695 297 773 posthae
310 694 472 775 Agrippina
492 715 580 754 ruere
601 694 639 752 ad
659 705 806 753 terrorem
829 705 857 753 et
872 696 977 764 minas,
1003 691 1200 772 ιιιᾳιιιιριιίι-Ι

172 801 246 880 cipis
267 779 387 862 amilius
409 801 569 878 abstinere,
587 822 647 882 quo
677 805 773 860 minas
793 812 953 860 testaretur
972 797 1107 858 adultum
1135 798 1193 856 iam

136 901 234 986 §esse
255 905 476 980 Britannicum,
510 927 612 967 veram
640 908 821 988 dignamque
847 908 969 985 stirpem
1003 893 1193 982 suseipientlo

172 1011 265 1090 patris
286 1015 436 1093 imperio,
458 1013 540 1096 quod
560 1016 664 1073 insitus
684 1026 712 1074 et
733 1012 892 1093 adoptivus
913 1033 967 1092 por
987 1011 1109 1069 iniurias
1131 1029 1193 1066 nta-

171 1121 228 1180 tris
250 1131 413 1182 exerceret.
455 1122 523 1182 Non
545 1123 679 1182 abnuere
698 1143 744 1194 se,
770 1122 842 1202 quin
864 1131 970 1179 cuneta
994 1117 1117 1177 infelicis
1137 1116 1194 1176 do-

172 1248 238 1286 mus
258 1228 334 1308 mala
353 1228 546 1308 patefierent,
567 1249 638 1288 suae
657 1231 686 1288 in
710 1230 816 1308 primis
836 1228 971 1309 nuptiae,
994 1246 1080 1285 snum
1102 1221 1194 1282 vene·

171 1327 281 1391 ficium.
303 1329 337 1390 ld
358 1330 452 1392 solum
468 1331 513 1390 dis
534 1343 563 1391 et
586 1333 641 1406 sibi
664 1335 834 1412 provisum,
855 1331 936 1409 qnod
959 1335 1078 1391 viveret
1096 1329 1192 1410 privi-

118 1453 151 1490 ιο
171 1457 254 1516 gnus.
295 1438 410 1497 ituram
430 1459 497 1497 eum
520 1438 571 1498 illo
594 1441 624 1497 in
647 1450 755 1498 castra.
799 1437 966 1496 Audiretur
990 1437 1059 1495 hine
1074 1439 1194 1496 Germa·

169 1543 227 1603 nici
250 1544 329 1622 lilia,
355 1545 426 1607 inde
448 1545 514 1605 vilis
529 1567 632 1606 rursus
657 1547 769 1605 [lutras
791 1554 819 1604 et
842 1543 923 1606 exsul
946 1543 1081 1614 Seneca,
1103 1547 1194 1598 trun·

168 1673 202 1712 ca
224 1653 337 1712 scilicet
359 1671 449 1710 mauu
474 1663 504 1711 et
523 1651 699 1730 professoria
730 1649 830 1730 lingua
857 1647 972 1730 generis
1001 1645 1125 1740 laumani
1143 1663 1195 1703 ra·

169 1761 267 1839 gimen
299 1761 530 1840 expostulantes.
581 1758 674 1816 Simul
705 1755 860 1835 intendere
892 1773 1027 1828 manus,
1055 1763 1195 1830 oggerere

170 1863 303 1944 probra,
329 1875 533 1924 consecratum
555 1863 735 1931 Claudium,
767 1863 902 1924 infernos
929 1849 1103 1922 Silanorum
1130 1879 1193 1920 ma·
1243 1875 1245 1880 '

115 1988 151 2048 ‚5
172 1991 223 2030 nes
242 1974 402 2042 invocare,
426 1982 454 2029 el
476 1979 521 2029 tot
543 1973 626 2030 irrita
649 1969 793 2034 facinora„

114 2086 167 2166 15
250 2079 400 2162 Turbatus
421 2079 465 2138 his
486 2079 587 2156 Nero,
617 2091 646 2137 et
670 2080 838 2158 propinquo
860 2075 931 2152 die,
969 2095 1029 2158 quo
1052 2085 1193 2158 quartum

169 2185 319 2245 decimum
341 2187 445 2248 aetatis
466 2207 580 2246 annum
595 2187 784 2244 Britannicus
805 2183 965 2264 explebat,
989 2182 1124 2244 volutare
1144 2205 1193 2246 se·

172 2381 420 2395 'qn-Omn-

166 2509 218 2562 bnt
234 2509 308 2562 hisee
326 2511 644 2566 nominibus'satitlaclt:
664 2531 724 2566 nam
744 2515 858 2581 Ryrklut
884 2519 994 2570 eiurare
1020 2518 1065 2569 hie
1088 2523 1193 2589 accepit
1254 2533 1258 2537 “
1324 2521 1328 2528 '

166 2619 214 2670 pto
231 2605 341 2676 eiurure
359 2611 598 2677 procurationem,
616 2601 741 2660 Antelios
760 2625 807 2676 pro
826 2611 937 2664 eiurare
959 2612 1056 2664 bonum
1086 2618 1191 2682 copiam

164 2699 253 2756 (aeine
271 2699 417 2752 Imolvttnz
436 2700 602 2762 erliaeren),
620 2702 750 2754 Graevius
770 2717 819 2769 pro
845 2706 955 2758 eiurare
975 2705 1192 2770 multitudinem,

165 2791 309 2846 Bahrdtiut
328 2811 376 2860 pro
394 2795 506 2846 eiurare
524 2795 664 2856 rationes,
684 2795 839 2848 Waltherns
857 2813 905 2864 pto
922 2801 1032 2851 eiurare
1061 2818 1190 2864 regnum,

165 2889 242 2957 isque
262 2888 314 2939 hae
333 2887 560 2958 interpretatione
589 2889 659 2940 nihil
692 2891 794 2960 certius·
820 2907 877 2940 esse
914 2894 1054 2960 opinatum
1082 2894 1130 2946 ted
1162 2903 1192 2946 ut

142 2968 146 2976 ’
165 2981 286 3029 omittam
305 2982 367 3040 alia,
388 2981 453 3052 quid
472 2985 570 3033 attinet
588 2984 664 3033 illnm
683 2984 787 3034 eiurare
810 2986 858 3047 itt,
878 3003 932 3054 quo
949 2987 1001 3038 iam
1023 2995 1118 3039 exutus
1138 2989 1191 3040 est?

163 3073 218 3123 lam
236 3089 299 3124 veto
313 3077 377 3125 satis
390 3083 456 3126 nota
469 3082 509 3125 est
522 3091 552 3124 ea
564 3074 638 3126 verbi
651 3077 762 3129 eiurare
780 3077 950 3145 significatiO,
968 3097 1020 3148 qua
1032 3083 1091 3150 quis
1105 3082 1190 3134 lotum

164 3168 221 3220 slve
238 3169 354 3219 iudicem
374 3177 502 3239 tanquam
522 3172 645 3242 iniquum
674 3173 732 3228 iure
761 3171 874 3223 iurando
892 3174 1052 3244 interposito
1079 3187 1191 3229 recusat.

138 3285 141 3294 ·
164 3263 254 3328 (cont.
273 3265 453 3316 Forcelliniut
472 3285 491 3318 s.
510 3267 545 3334 v.)
566 3267 652 3316 Pallas
672 3282 736 3317 uero
755 3284 785 3317 ex
806 3275 883 3334 pacto
903 3269 966 3320 olim
994 3287 1053 3321 eum
1075 3270 1190 3324 Claudio

164 3361 234 3411 inito
254 3360 339 3411 lorum
360 3359 462 3411 iudices
483 3369 605 3416 senatum
631 3369 661 3413 ut
680 3362 713 3413 ‹le
733 3364 760 3412 se
779 3364 909 3414 intlieium
930 3365 999 3416 terre
1027 3365 1099 3416 haud
1119 3381 1191 3418 com·

163 3462 240 3522 potet
261 3473 309 3506 eno
328 3455 386 3506 inre
404 3463 495 3524 potest
513 3455 620 3510 eiurare
639 3463 666 3507 et
686 3473 817 3510 recusare.
854 3461 949 3528 ltaque
966 3459 1037 3529 Nero
1066 3460 1134 3512 dicit
1151 3463 1190 3515 ire

164 3548 310 3599 Pallantem
330 3559 359 3601 ut
379 3551 472 3602 multis
502 3567 590 3603 coram
614 3553 937 3605 iuramentotestatetnr
962 3541 995 3604 te
1024 3553 1058 3604 ob
1081 3562 1188 3622 praete-

164 3642 531 3713 ritaaecusarinon‘poste.
568 3647 695 3708 Acumen,
710 3651 861 3700 tententiae
882 3665 946 3699 saue
964 3647 1114 3712 motlitum,
1142 3651 1188 3700 teil
1228 3647 1231 3653 ¹

163 3737 219 3785 tale
237 3737 322 3802 ipsius
343 3738 430 3791 'faciti
448 3741 531 3792 verba
549 3741 617 3807 (non
635 3741 751 3795 absurde
768 3741 882 3812 dixisse)
903 3743 1032 3794 indicant.
1107 3739 1109 3745 ’

195 3854 198 3860 ·
237 3850 271 3908 ¹a.
293 3847 385 3898 praees
404 3835 516 3902 postltur
534 3835 583 3886 Ma,
603 3837 675 3886 itlem
695 3854 719 3904 7.
740 3840 790 3906 qui
808 3853 856 3906 pro
875 3839 951 3908 quin.
1088 3833 1095 3840 ⁸

235 3925 494 3980 11.·tmt2ttttsttt⁸:
516 3931 579 3984 inde
598 3933 659 3983 vilit
679 3932 706 3983 Δ.
727 3932 789 3984 Mox
810 3934 1007 4003 expostulantis
1027 3935 1077 3991 Μ’.
