2900 4706
216 269 277 334 474
425 340 427 344 Ι
641 265 849 324 sasamon

66 467 94 538 (α
110 445 359 538 c,ffi,)offerehat
379 468 409 506 se
448 449 679 505 intercessurum
707 454 827 503 senatus
858 442 1016 502 consuitur
1049 459 1119 500 nam
1158 435 1241 518 plebi

215 555 357 615 tribunus
378 565 452 616 erat.
494 552 639 612 Cohihuit
668 552 789 631 spiritus
809 552 873 610 eius
905 549 1064 618 Thrasea,
1097 568 1134 606 ne
1166 566 1244 603 vana

216 661 247 714 et
261 637 319 712 *reo
342 653 595 733 norrprosutura,
619 653 804 712 intercessori
827 653 949 711 exitiosa
974 653 1127 734 inciperet.
1179 651 1244 711 Sibi

216 771 311 820 aetam
332 771 478 831 aetatem,
501 770 529 818 et
552 769 597 818 tot
618 779 670 840 per
687 771 783 818 'annos
805 759 981 817 continuum
1009 763 1090 818 vitae
1106 759 1243 820 ordinem

118 945 119 948 Ἴ
215 887 275 928 nou
297 868 513 929 deserendum:
537 865 581 926 illi
602 869 723 927 initium
737 867 966 948 magistratuum
979 879 1009 928 et
1028 870 1144 950 integra
1164 857 1283 948 quae5

214 977 371 1062 supersint.
414 973 544 1034 Multum
559 985 629 1034 ante
647 983 759 1035 'secum
781 975 990 1056 expenderet,
1025 975 1106 1056 quod
1134 975 1187 1034 tali
1210 975 1241 1033 in

214 1089 351 1162 tempore
371 1081 569 1162 capessendae
590 1083 633 1140 rei
657 1081 800 1160 publicae
821 1084 879 1142 iter
897 1081 1113 1164 ingrederetur.
1156 1083 1243 1141 Cete-

213 1209 281 1248 rum
304 1189 387 1270 ipse,
409 1209 446 1249 an
470 1191 575 1250 venire
597 1167 633 1250 iri
647 1185 783 1250 senatum
795 1189 950 1266 deceret,
982 1190 1169 1251 meditationi
1189 1210 1240 1249 su·

213 1319 248 1356 ae
270 1296 401 1378 reliquit.
451 1300 490 1358 At
517 1309 640 1379 postera
685 1297 754 1359 luce
788 1298 865 1358 duae
898 1299 1072 1380 praetoriae
1101 1287 1299 1368 cohortesffi

206 1416 348 1484 armatae
375 1406 531 1486 ¹templum
562 1409 728 1466 Genetricis
758 1407 884 1466 Veneris
915 1405 1064 1471 insedere.
1116 1403 1241 1463 Aditum
1264 1419 1300 1460 ro

212 1524 329 1574 senatus
351 1513 457 1595 globus
484 1525 652 1596 togatorum
681 1513 842 1596 obsederat
871 1531 932 1576 noo
965 1513 1087 1576 occultis
1109 1499 1239 1594 gladiis}

212 1619 397 1702 dispersique
416 1643 473 1701 per
504 1621 572 1681 fora
600 1643 634 1681 ac
664 1621 802 1681 basilicas
831 1615 932 1682 cunei
949 1621 1102 1684 militares.
1154 1615 1241 1678 lutet·

196 1749 342 1808 quorum
365 1734 550 1808 aspectus'et
572 1715 669 1788 minas
692 1729 832 1809 ingressi·
851 1730 965 1788 curiam
994 1739 1157 1788 senatores.
1200 1725 1241 1782 Et

210 1835 309 1894 oratio
329 1832 478 1914 principis
499 1854 554 1914 por
577 1845 770 1914 quaestorem
803 1839 866 1895 eius
890 1835 993 1895 audita
1014 1843 1070 1899 est.
1113 1831 1241 1892 Nemiue

210 1938 387 1998 nominatim
406 1935 707 2018 compeliato'patres
729 1940 877 2019 arguebat
897 1940 978 2020 quod
999 1937 1117 2020 publica
1136 1941 1240 1998 munia
1259 1936 1299 1997 15

210 2045 409 2116 desererent,
443 2063 609 2124 eorumque
638 2046 773 2126 exemplo
800 2049 914 2128 equites
934 2047 1061 2106 Romani
1082 2046 1242 2127 adsegui-
1276 2117 1277 2120 Ἴ

210 2155 283 2214 tiam
305 2161 525 2212 verterentur.=
552 2151 672 2212 Etenim
694 2153 765 2233 quid
791 2154 903 2212 mirum
930 2173 946 2212 e
975 2153 1146 2234 ienginquis
1166 2173 1241 2232 pro·

210 2258 316 2316 vinciis
333 2256 417 2315 haud
438 2258 556 2327 veniri,
590 2258 824 2337 complerique
863 2259 966 2338 adepti
987 2261 1174 2320 consulatum
1206 2270 1243 2318 et

208 2363 376 2426 sacerdotia
397 2363 686 2444 hortorumpotius
716 2365 891 2424 anroenitati
920 2359 1125 2440 inservirent,
1154 2367 1238 2445 quod

207 2473 292 2532 velut
312 2468 407 2532 telum
436 2469 610 2551 corripuere
638 2487 836 2530 accusatores.
890 2459 936 2532 Er'
960 2474 1079 2532 initium
1109 2462 1300 2544 facienteQss

208 2682 254 2762 agi
279 2666 468 2760 clamitabat,
496 2683 686 2742 contumacia
723 2683 916 2744 inferiorum
937 2685 1089 2745 lenitatem
1112 2683 1242 2765 imperi«

120 2859 124 2870 ,
208 2787 300 2848 tantis
322 2787 466 2847 deminui.
509 2787 642 2848 Nimium
665 2787 750 2848 mites
783 2787 822 2847 ad
843 2809 909 2848 eam
929 2789 1009 2848 diem
1038 2803 1161 2870 patres,
1181 2793 1236 2873 qui

207 2895 374 2955 Thraseam
395 2893 632 2967 desciscentem,
657 2897 707 2975 qui
729 2907 872 2976 generum
889 2897 951 2956 eius
968 2897 1144 2964 Helvidium
1165 2895 1235 2959 Pri-

207 3023 292 3064 scum
311 3005 343 3062 in
364 2977 458 3062 isdem
477 3002 935 3078 furoribus,·simu1Paoonium
958 3005 1159 3088 Agrippinum
1181 3029 1236 3086 pa·
1259 3010 1300 3072 25

207 3109 286 3168 terni
305 3110 336 3166 in
355 3107 509 3188 principes
530 3108 591 3167 odii
622 3107 786 3182 heredem,
819 3119 849 3170 et
883 3111 1022 3170 Curtium
1056 3111 1238 3174 Montanum
1294 3111 1297 3117 ’

209 3211 384 3277 detestanda
404 3216 541 3276 earmina
566 3215 753 3274 factitantem
779 3214 900 3276 eludere
932 3217 1055 3297 impune
1087 3221 1237 3281 sinerent.

122 3319 128 3326 “
208 3316 375 3398 Requirere
398 3321 478 3390 setin
499 3330 605 3380 senatu
626 3314 837 3396 consularem,
867 3323 899 3380 in
927 3325 1005 3382 votis
1030 3299 1238 3404 sacerdotem,

207 3462 502 3484 Ἣ..-

280 3596 318 3630 ιο.
338 3579 455 3660 uuidere
474 3583 522 3634 Ma.
544 3581 614 3634 idem
640 3592 680 3650 ¹75
695 3567 838 3636 uterentur
851 3603 899 3654 pro
919 3574 1100 3644 verterentur.

281 3674 321 3730 18.
339 3673 487 3728 hadecm'ri
505 3678 563 3733 Ma:
583 3676 657 3728 haud
680 3695 742 3732 ven.
761 3678 879 3747 Lipsius.
915 3681 985 3732 Dein
1006 3687 1047 3736 25.
1076 3670 1177 3736 hisdem
1207 3692 1237 3734 ct

208 3781 269 3816 mox
286 3769 439 3837 Ragonium
458 3768 507 3825 Ma.
1060 3775 1063 3782 ”
1224 3833 1228 3840 ,

278 3862 316 3914 aa.
337 3865 527 3956 [inquirerem
549 3895 578 3907 -
598 3864 739 3937 r'nduisset]
768 3867 948 3922 Callidissime
973 3879 1110 3924 accusatur
1127 3870 1239 3939 *paula-

209 2575 385 2660 Cossutiano
422 2579 534 2635 maiore
572 2577 601 2634 vi
633 2575 794 2660 Marcellus
823 2599 969 2638 summam
990 2599 1052 2638 rem
1085 2576 1239 2658 publicam

1438 3629 1439 3664 i

1438 3729 1439 3768 i
