2900 4724
154 353 156 364 ι
267 317 327 402 aas
584 312 587 320 “
663 308 900 431 tinnitum

12 531 14 538 ’
47 544 49 556 ¹
80 524 81 532 ’
119 515 145 579 (¹
163 511 435 600 ΕοΝι-ΝιιΙιιίςείιιιι,
458 518 531 578 dum
557 521 587 578 in
609 498 723 601 oppido
744 520 919 582 Adrumeto
948 522 1051 582 vacuis
1082 533 1140 601 pet·
1167 494 1303 580 mediut'tl
1359 555 1361 561 ·

261 625 322 685 diei
346 625 513 706 porticibus
533 638 667 688 secretus
694 631 812 710 agitat,
834 613 938 689 oblata
959 632 986 688 ei
1008 627 1121 710 species
1140 610 1304 700 'muliebris

260 727 343 794 ultra
366 723 490 796 moduni
511 718 704 816 hirmannus,
726 747 758 800 et
777 737 883 798 audita
904 749 949 799 est
969 760 1027 800 vox
1048 749 1107 814 „tu
1129 757 1181 813 es,
1211 735 1302 812 Ruta,-
1375 765 1378 772 ¹

260 845 311 924 qui
330 845 362 902 in
389 843 468 904 hane
490 847 680 925 provinciam
714 855 768 926 prd
788 847 913 906 'eonsule
940 843 1071 906 venies?
1099 842 1169 906 Tali
1198 845 1314 905 omine

260 952 292 1008 ln
315 958 397 1031 spem
421 931 584 1028 sublatus,
616 951 866 1034 digressusque
857 975 889 1012 ιιι
920 952 1045 1025 urbem,
1080 962 1111 1012 et
1138 949 1337 1035 largitione5

258 1051 424 1132 amicorum
446 1056 535 1119 simul
557 1061 619 1118 acri
641 1055 763 1140 ingenio
782 1067 1010 1142 quaesturam,
1030 1069 1061 1120 et
1089 1075 1159 1120 mox
1178 1060 1341 1122 nobiles

259 1165 341 1224 inter
372 1163 549 1226 candidatos
580 1175 754 1246 praeturam
775 1168 921 1249 principis
953 1149 1097 1248 sullragio
1115 1171 1305 1250 assequitur,

170 1273 172 1281 '
258 1294 328 1332 cum
350 1271 435 1332 hisce
459 1253 560 1330 verbis
570 1271 713 1332 Tiberius
736 1271 869 1333 dedecus
890 1270 1036 1346 natalium
1054 1274 1119 1333 eius
1141 1265 1306 1336 lelavisaet

268 1377 419 1456 „Curtius
438 1376 534 1438 Ruina
553 1375 677 1438 videtur
687 1369 764 1438 mihi
781 1382 817 1438 eir
837 1398 869 1438 se
887 1377 1007 1438 natus.”
1020 1377 1125 1460 Longa
1142 1391 1211 1462 post
1229 1383 1308 1444 haee

264 1497 386 1546 senecta
409 1494 439 1544 et
459 1485 608 1572 adversus
627 1488 800 1567 superiores
822 1485 902 1546 tristi
932 1485 1126 1563 adulatione,
1156 1494 1307 1574 arrogans
1327 1497 1363 1553 'to

265 1587 451 1668 minoribus,
476 1595 555 1656 inter
578 1587 666 1674 nares
687 1593 834 1666 difficilis,
857 1592 1017 1654 consulare
1040 1596 1224 1677 imperium,
1249 1598 1307 1662 tria

265 1701 372 1784 umpbi
393 1691 534 1784 insignia,
558 1725 593 1762 ae
604 1700 758 1786 postremo
772 1694 907 1764 Africam
920 1702 1067 1785 obtinuit3
1087 1709 1182 1790 atque
1193 1699 1239 1769 ibi
1251 1707 1309 1772 da·-

263 1805 387 1874 lunutus
407 1805 499 1873 fatale
518 1813 711 1896 *praesagium
732 1810 879 1894 implevit.

347 1943 464 2003 Interea
489 1937 604 2003 Romae
625 1939 717 2004 nullis
732 1940 834 2026 palam
855 1951 961 2030 aeque
975 1930 1105 2026 cognitis
1126 1949 1194 2005 tnox
1208 1932 1366 2024 tausisffl

174 2077 179 2093 ι
264 2049 386 2113 Gnaeus
404 2053 520 2113 Nonius
551 2072 644 2133 eques
672 2053 829 2134 Romanus
859 2037 942 2110 ferro
977 2053 1128 2112 accinctus
1155 2056 1308 2136 reperitur
1332 2045 1367 2109 ιὸ

263 2159 295 2218 in
318 2165 406 2219 ooet'u
423 2155 621 2217 salutantium
642 2157 824 2238 principetur
867 2155 946 2216 Nam
979 2167 1140 2264 postquam
1167 2159 1310 2223 'tormen'-

263 2268 302 2327 tis
323 2265 551 2342 dilaniabatur,
574 2262 665 2326 dese
688 2281 751 2325 non
772 2252 918 2378 iniitiatus
939 2264 1077 2326 conscius
1104 2285 1167 2326 non
1186 2265 1308 2347 edidit,-

263 2377 417 2436 incertum
436 2395 476 2434 an
497 2372 664 2438 o'ecultans.

347 2506 444 2568 isdem
465 2503 640 2568 consulibus
661 2505 791 2568 Publius
813 2496 975 2568 Dolabella
997 2509 1116 2568 tensuit
1145 2465 1306 2590 s'peeiaeu·

262 2599 329 2694 lillis
359 2613 562 2698 gladiatorum
594 2635 649 2698 per
680 2635 786 2674 omnes
815 2626 910 2678 annos
933 2613 1152 2676 'celebrandum
1175 2619 1304 2697 pecunia
1324 2637 1365 2691 ιιι

262 2743 390 2804 eorum,
413 2725 465 2808 qui
492 2732 691 2804 quaesturam
711 2722 961 2804 adipiscerentur.
982 2721 1077 2802 Apud
1090 2726 1219 2785 maiores
1241 2725 1308 2787 vir-

261 2831 337 2894 tutis
358 2830 390 2892 id
412 2834 579 2914 praemium
602 2830 701 2892 fuerat
730 2831 911 2912 cunctisque
934 2813 1072 2909 civium,
1091 2831 1115 2892 sl
1142 2831 1232 2893 bonis
1253 2855 1308 2894 ar·
1428 2844 1438 2873 ¹

215 2957 218 2966 ⁸
261 2939 344 3016 tibus
368 2939 507 3014 fiderent,
529 2940 647 3002 licitum
668 2950 771 3022 petere
792 2941 997 3022 magistratus,
1019 2951 1054 3000 a'c
1076 2951 1116 3000 ne
1135 2939 1217 3002 aetas
1237 2928 1308 3024 qul*

177 3071 180 3078 ⁴
261 3048 332 3110 dem
352 3049 617 3136 distinguebatur,
653 3051 728 3131 quin
760 3039 861 3130 'prima
893 3049 1016 3109 iuventa
1049 3050 1241 3110 'consulatum
1275 3057 1308 3109 et
1437 3095 1438 3154 ,

261 3155 429 3221 dictaturas
450 3161 575 3220 inirent
615 3158 676 3219 Sed
697 3167 874 3240 quaestores
895 3156 1017 3240 regibus
1037 3159 1129 3218 etiam
1146 3163 1212 3216 tum
1242 3157 1301 3215 im·
1326 3168 1368 3230 25
1437 3157 1438 3216 l

262 3266 441 3350 perentibus
463 3267 594 3330 instituti
615 3275 707 3342 sunt;
729 3263 812 3346 quod
833 3263 882 3324 lex
903 3263 1174 3326 curiataostendit
1196 3261 1235 3322 ab
1246 3263 1306 3322 Lu·

261 3378 310 3438 uio
332 3377 426 3436 Bruto
446 3376 584 3456 repetita.
626 3373 798 3452 Mansitque
824 3371 999 3433 consulibus
1019 3379 1153 3454 potestas
1173 3369 1307 3462 deligenti

263 3481 315 3558 di,
338 3481 524 3542 domenum
544 3465 833 3562 quoquehouorem
856 3477 985 3560 populus
1006 3476 1175 3546 mandaret
1218 3479 1308 3545 Creu

350 3735 377 3786 9
397 3729 432 3769 ex
449 3727 477 3768 se
494 3712 586 3786 natus}
606 3725 739 3767 exaratus
756 3713 807 3764 Μι.

337 3813 375 3864 15.
397 3811 424 3862 C
442 3813 475 3862 Ν.
493 3811 601 3862 Nonius
619 3809 701 3859 M.-

289 3924 375 3976 ,ιφ
396 3923 453 3960 nan
473 3903 632 3979 infitiatasl'
643 3907 738 3960 noni
752 3905 863 3964 „hta
882 3923 938 3960 non
958 3905 1102 3982 infitiatus
1122 3907 1172 3961 lae.
1194 3905 1307 3962 osonu-
1437 3789 1438 3964 Ν

263 4001 332 4056 vius
