2862 4726
458 339 533 402 un.
556 338 611 403 rv.
655 337 742 404 err.
762 339 895 409 sat-se.
994 303 1004 320 ’
1147 339 1209 405 ru

164 519 332 583 Aristonici
353 520 548 606 aliorumque
573 543 691 606 regum.
734 521 852 584 Verum
876 519 1051 604 Hypaepeni
1075 511 1210 600 Trallis·
1221 528 1249 598 (ι
1260 527 1288 580 c.
1301 526 1360 588 τό.)

159 628 260 710 nique
281 629 462 690 Laodicenis
481 651 518 690 ac
541 629 733 711 Magnetibus
754 625 845 690 simul
877 625 1011 687 tramissi
1041 635 1075 685 ut
1101 647 1210 706 parum

163 737 271 801 validi.
314 736 361 798 Ne
379 736 504 797 ilienses
526 736 675 818 quidem,
697 757 768 795 cunr
796 747 956 818 parentem
984 732 1067 792 urbis
1097 733 1211 798 Romae

164 843 292 902 Troiam
316 843 482 920 referrent,
505 845 562 903 nisi
587 843 776 924 antiquitatis
803 841 899 924 gloria
920 840 1085 926 pollebant,
1128 841 1211 900 Pau·

131 947 231 1010 5lum
252 948 483 1028 addubitatum,
501 951 584 1032 quod
610 949 819 1013 Halicarnassii
845 951 916 1012 mile
936 963 966 1011 et
991 952 1138 1012 ducentos
1161 971 1213 1032 per

167 1077 282 1135 annos,
301 1057 388 1120 nullo
408 1069 609 1120 motuterrae
636 1061 792 1119 nutavisse
810 1060 896 1120 sedes
918 1081 999 1136 sues,
1017 1062 1160 1140 ,vivoque
1181 1062 1211 1120 in

167 1181 238 1226 saxo
259 1165 458 1226 fundamenta
487 1163 592 1246 templi
627 1176 889 1230 asseveraverant.
933 1167 1134 1247 Pergamenos
1166 1171 1213 1240 (eo
1277 1222 1282 1242 ,

168 1271 236 1353 ipso
255 1271 448 1350 nitebantur)
469 1273 545 1334 aede
568 1273 712 1356 Augusto
731 1274 773 1334 ibi
798 1278 856 1335 sita
876 1277 950 1335 setis
968 1275 1091 1356 adeptos
1112 1273 1214 1334 credi·
1309 1281 1311 1288 ’

171 1389 249 1440 tum.
292 1377 416 1460 Ephesii
438 1379 627 1464 Milesiique,
649 1381 683 1440 bi
706 1379 880 1462 Apollinis,
903 1379 947 1440 illi
968 1381 1087 1440 Dianae
1118 1381 1216 1442 caeri-

116 1507 154 1550 ιο
172 1490 272 1552 morlia
306 1488 501 1571 occupavisse
543 1490 684 1550 civitates
726 1488 795 1550 visi.
852 1489 900 1549 lta
936 1464 1115 1548 Sardianos
1136 1489 1216 1550 inter

167 1599 417 1681 Zmyrnaeosque
446 1595 663 1665 deliberatum.
712 1595 852 1656 Sardiani
883 1595 1044 1658 decretum
1074 1595 1215 1660 Etruriae

168 1707 343 1768 recitavere
360 1716 395 1766 ut
418 1706 653 1787 consanguinei,
699 1706 778 1766 Nam
806 1705 1002 1789 Tyrrhenum
1033 1705 1217 1790 Lydumque

167 1813 251 1896 Atye
265 1833 344 1895 rege
364 1815 482 1894 genitos
503 1815 544 1874 ob
565 1813 796 1877 multitudinem
815 1814 952 1876 divisisse
975 1821 1116 1896 gentem:
1155 1815 1217 1898 Ly·

25 1999 27 2008 ,
167 1921 243 1982 dnm
262 1922 370 2002 patriis
392 1923 424 1982 in
458 1923 547 1982 terris
568 1922 746 2002 resedisse,
768 1923 938 2006 Tynlreno
966 1921 1092 2000 datum,
1121 1942 1218 1983 novas
1290 1963 1295 1972 ·

115 2029 149 2092 »5
167 2038 203 2090 ut
224 2027 369 2089 conderet
389 2028 499 2108 sedesy
520 2039 550 2090 et
563 2029 675 2091 dueum
696 2053 716 2094 e
735 2030 916 2092 nominibus
934 2031 1031 2092 indita
1053 2017 1215 2107 vocabula,

25 2119 26 2128 ἵ
164 2135 228 2198 illis
243 2158 300 2218 per
315 2137 438 2214 Asiam,
459 2138 557 2199 bisin
579 2139 686 2219 ltalia;
721 2152 908 2223 auctamque
935 2139 1039 2200 adbuc
1060 2139 1217 2223 Lydorum

166 2245 357 2326 opulentiam
375 2246 470 2308 missis
492 2247 522 2306 in
546 2247 708 2308 Graeciam
739 2239 860 2330 populis
870 2294 883 2326 ,
902 2247 952 2308 eui
972 2269 1044 2308 mox
1063 2270 1083 2310 a
1103 2247 1218 2330 Pelope

165 2375 293 2420 nomen.
335 2353 431 2418 Simul
455 2354 570 2416 litteras
592 2356 812 2438 imperatorum
836 2366 868 2418 et
888 2360 952 2416 ictu
971 2357 1130 2418 nobiscnm
1153 2357 1218 2418 foe·

166 2462 241 2522 dera
263 2460 350 2525 bello
364 2463 584 2541 Macedonum,
607 2467 845 2548 ubertatemque
877 2463 1038 2528 fluminum
1068 2487 1216 2539 suorum,

113 2572 349 2660 ffitemperiem
376 2571 509 2635 caeliae
538 2572 616 2634 dites
639 2564 755 2632 circuiit
790 2584 887 2633 terras
912 2574 1132 2636 memorabant.
1177 2574 1220 2634 At

166 2677 332 2762 Zmyrnaei
356 2680 487 2760 repetite
510 2686 688 2754 vetustate,
706 2699 764 2740 seu
798 2677 954 2740 Tantalus,
972 2682 1046 2740 love
1071 2687 1157 2739 ortus
1181 2677 1219 2740 il·

167 2786 217 2848 los
236 2785 300 2849 sive
324 2785 466 2846 'Ilaeseus
484 2786 588 2848 divina
608 2795 639 2848 et
661 2787 730 2866 ipse
749 2785 847 2870 stirpe
865 2787 929 2844 sive
949 2807 1012 2844 nna
1026 2785 1219 2844 Amazonum
1323 2819 1324 2824 κ

168 2893 373 2966 condidisset,
399 2894 617 2956 transcendere
637 2893 677 2956 ad
701 2914 752 2970 ca,
775 2895 843 2974 quis
871 2895 1001 2953 urarime
1024 2891 1161 2953 lidebant
1186 2893 1250 2978 in,-

169 3002 325 3086 pnpulum
349 3003 521 3065 Romanum
546 2998 651 3064 officiis
666 3043 681 3075 „
700 3003 791 3060 misse
812 2999 913 3062 navali
939 2997 1027 3090 copia
1046 3019 1107 3058 non
1129 2998 1219 3059 modo

111 3121 149 3187 25
171 3106 300 3172 externa
322 3111 363 3172 ad
382 3107 481 3185 belle,
504 3109 558 3169 sed
582 3121 666 3189 quae·
682 3106 714 3169 in
742 3105 836 3170 ltalia
859 3105 1074 3170 tolerabantur
1084 3127 1098 3186 ;·
1128 3126 1219 3187 seque

166 3217 282 3300 primos
304 3214 452 3298 templum
476 3215 562 3275 urbis
580 3215 699 3276 Rornae
729 3218 876 3276 statuisse
891 3217 996 3277 Marco
1017 3215 1125 3276 Porcio
1144 3231 1219 3270 con·

167 3325 233 3387 sule
248 3369 262 3405 ,A
279 3328 397 3408 magnis
418 3323 545 3408 quidem
564 3327 626 3386 iam
648 3322 754 3406 populi
776 3324 907 3384 Romani
928 3323 1041 3396 rebus,
1079 3317 1218 3410 noudum
1291 3380 1294 3387 A

169 3443 269 3492 tamen
288 3433 330 3495 nd
344 3435 512 3499 summum·
525 3429 635 3512 elatis,
664 3441 768 3494 stante
794 3429 896 3492 adhuc
922 3429 1042 3492 Punica
1072 3426 1152 3490 urbe
1183 3436 1215 3488 et

167 3550 433 3568 -Q—--un—-fiffl

258 3620 281 3660 t·
297 3604 367 3675 peni
386 3605 574 3677 trulitam'que
595 3601 641 3666 tm
665 3601 784 3656 correxit
805 3600 959 3653 Beroaldus

257 3699 283 3751 5.
301 3699 477 3766 Alirarnasii
494 3700 540 3754 M:
561 3679 772 3752 Halicarnasus*
787 3679 951 3752 Rhenanus.-

262 3796 287 3847 8.
306 3790 519 3852 aedem-sitam
537 3795 589 3862 My
604 3796 722 3850 correxit
740 3791 857 3862 Lipsius

232 3874 288 3942 u.
305 3885 398 3943 devm
415 3887 453 3944 u.

249 3983 287 4034 rb·
309 3979 386 4038 dicta
406 3983 451 4038 u:
472 3983 533 4036 icto
548 3981 702 4066 Rhenanus.
811 4021 819 4038 t
