2900 4724
241 267 303 330 396
666 263 874 328 terminu

95 443 301 528 (oninique
319 447 440 506 nomine
461 455 493 506 et
513 466 582 506 casu
602 443 753 506 inurbem
766 449 908 506 Artaxata
931 445 1045 506 ferunt.
1089 444 1182 507 Unde
1194 443 1267 528 pub·
1302 500 1306 505 .

238 553 297 614 lica
319 527 539 614 cura-deducta
559 553 599 615 ad
618 554 793 628 Tiridaten,
814 555 1002 634 comiterque
1032 563 1153 636 excepta
1181 553 1265 646 cultu
1354 615 1359 622 ,

240 662 324 742 regio
345 659 448 719 habita
473 670 526 719 est.
684 708 687 717 .
819 691 823 710 ι

18 839 19 846 ¹
91 767 240 844 (anuos.)
322 763 435 823 Fausto
454 763 536 824 Sulla
558 762 659 825 Saluio
675 763 797 824 Othone
819 763 991 824 consulibus
1011 757 1121 834 Furius
1139 753 1322 836 Scribo-52

92 868 154 938 (nc
175 870 347 942 Saluianus
366 872 398 929 iu
416 871 550 930 exsilium
572 873 695 952 agitur,
717 872 802 952 quasi
823 870 910 929 finem
935 873 1079 952 principis
1098 893 1153 952 per
1170 859 1295 931 Chal-5

236 979 326 1040 daeos
347 989 545 1044 scrutaretur.
588 979 816 1040 adnectebatur
837 979 955 1038 crimini
981 979 1068 1038 lunia
1092 988 1186 1039 mater
1200 979 1262 1038 eins

235 1097 271 1145 nt
305 1106 391 1144 casus
415 1090 528 1166 prioris
574 1085 659 1166 (nam
696 1086 826 1172 relegata
855 1092 929 1158 erati
949 1087 1124 1166 impatiens.
1172 1087 1262 1146 Pater

235 1191 425 1252 Scriboniani
446 1192 590 1264 Camillus
611 1210 696 1252 arma
718 1167 772 1274 pdr
800 1193 976 1253 Dalmatiam
999 1205 1149 1267 moveret3
1171 1191 1271 1272 idque.

236 1297 276 1356 ad
303 1296 494 1358 clementiam
529 1299 672 1360 trahebat
699 1299 827 1375 Caesar,
859 1299 942 1380 quod
971 1301 1093 1379 stirpem
1122 1298 1259 1360 hostilem

169 1416 174 1422 “
236 1403 348 1464 iterum
377 1418 579 1466 conservaret.
629 1407 733 1488 Neque
764 1393 985 1466 tamen'exsuli
1016 1407 1103 1488 longa
1130 1404 1256 1486 posthac
1282 1421 1318 1459 ιο

235 1510 299 1570 vita
319 1510 393 1571 fuit:
417 1522 513 1572 morte
531 1513 653 1580 fortuita
676 1534 714 1572 an
738 1533 791 1594 per
812 1533 960 1572 venenum
979 1513 1145 1572 'exstinctos
1165 1523 1266 1584 esset,

234 1620 417 1700 utquisque
440 1619 587 1693 credidit,
619 1617 819 1700 vulgavere..¹
843 1621 890 1679 De
926 1619 1144 1680 mathematicis
1174 1617 1259 1678 ltalia

233 1723 381 1806 pellendis
404 1725 517 1786 factum
539 1713 658 1786 senatu's
678 1725 847 1788 consultum
867 1736 951 1784 atrox
977 1734 1006 1784 et
1024 1725 1157 1786 irritum.
1178 1723 1259 1784 Lau·

234 1831 297 1900 dati
326 1831 441 1894 dehinc
456 1836 596 1894 oratione
618 1833 838 1915 principisqui
853 1833 901 1894 fob
925 1833 1076 1914 angustias
1100 1829 1259 1892 familiares

234 1939 340 1999 ordine
354 1940 504 1999 senatorio
524 1946 632 2016 sponte
656 1938 818 2014 cederent,
840 1938 973 2018 motique
993 1935 1046 2017 qui
1071 1934 1265 1994 remanendo¹
1277 1933 1320 1996 15⁴

189 2110 192 2120 ,
231 2045 447 2128 impudentiam
486 2043 658 2124 paupertati
711 2044 885 2107 adiicerent.
942 2043 1024 2104 lutea·
1057 2062 1135 2122 quae
1164 2029 1319 2110 rescribi}

234 2151 272 2212 nd
289 2161 388 2231 patres
406 2150 443 2209 de
458 2172 557 2231 poena
572 2150 852 2232 feminarum,=quae
868 2150 964 2226 servis
984 2151 1256 2231 coniungerentur,
1262 2191 1265 2196 ·
1323 2171 1331 2200 ο

231 2259 453 2339 statuiturque,
482 2268 515 2336 ut
536 2260 640 2340 ignaro
658 2249 781 2328 domino
803 2258 842 2317 ad
864 2258 894 2318 id
920 2256 1077 2338 prolapsae
1105 2261 1137 2318 iu
1159 2261 1256 2323 servi·

230 2373 312 2439 tote,
338 2366 384 2424 sin
404 2367 620 2445 consensisset,
641 2385 697 2448 pro
724 2366 843 2427 libertis
870 2347 1078 2431 haberentur.·
1114 2367 1254 2444 Pallanti,

231 2491 322 2552 quem
343 2481 527 2554 repertorem
554 2473 617 2532 eins
633 2495 634 2498 ¹
648 2471 804 2532 relationis
826 2471 963 2532 ediderat
986 2473 1092 2534 Caesar
1099 2517 1109 2549 ,
1139 2486 1256 2557 praeto·
1275 2495 1317 2537 oo¹

229 2583 275 2640 ria
296 2581 422 2662 insignia
447 2591 477 2640 et
495 2583 608 2643 centies
629 2581 823 2664 quinquagies
844 2584 1009 2642 sestertium
1039 2585 1157 2643 censuit
1180 2603 1253 2647 con.-

229 2688 277 2748 sul
293 2688 465 2770 designatus
484 2690 576 2750 Bnrea
596 2687 743 2750 Soranus.
786 2688 930 2748 Additum
950 2710 968 2747 a
983 2689 1122 2768 Scipione
1142 2691 1262 2772 Corne.

157 2807 160 2820 ¹
185 2775 189 2786 ’
229 2793 272 2854 lio
288 2805 404 2886 ‘grates
422 2795 544 2882 publice
568 2795 698 2880 agendas
725 2795 805 2878 quod
834 2794 954 2878 regibus
984 2795 1138 2857 Arcadiae
1168 2808 1251 2856 omos

178 2921 191 2966 ,·
228 2903 423 2962 veterrimam
451 2902 639 2962 nobilitatem
670 2904 738 2962 usui
762 2901 882 2983 publico
914 2913 1130 2983 postponeret,
1161 2925 1251 2984 seque

227 3010 307 3071 inter
329 3009 479 3068 ministros
502 3010 647 3090 principis
667 3009 772 3069 liaberi
791 3009 911 3068 sineret.
954 3009 1146 3072 Asseveravit
1166 3004 1305 3070 Clau-25

212 3114 295 3175 'dius
316 3125 495 3179 contentum*
511 3114 627 3174 honore
641 3113 814 3174 'Pallantem
834 3113 914 3172 intra
939 3115 1070 3194 priorem
1087 3126 1256 3196 pauperia,

226 3233 287 3284 tem
309 3221 479 3286 subsistere.
519 3221 561 3282 Et
577 3222 667 3280 fixum
689 3232 733 3281 est
751 3241 819 3278 aere
847 3221 969 3304 publico
990 3234 1110 3300 senatus
1130 3223 1251 3284 oonsul-

225 3340 290 3388 tum
302 3373 310 3406 ,
323 3351 396 3410 qun
419 3327 576 3388 libertinus
595 3327 721 3388 sestertii
748 3335 796 3385 ter
826 3327 921 3388 milies
940 3349 1088 3409 possessor
1107 3331 1248 3411 autiquae

223 3437 427 3515 parcimoniae
448 3433 587 3496 laudibus
607 3431 826 3496 cumulabatur.

225 3547 459 3559 ιι-ι-ι--π-ιι

298 3614 334 3648 12.
352 3597 447 3670 Italia}
464 3601 504 3652 ita
522 3597 571 3650 ille.
585 3595 649 3648 dein
672 3599 708 3650 18.
726 3599 872 3668 prolapsae
897 3598 916 3646 l·
942 3565 1246 3673 Gronoviultqrotapsa

224 3691 337 3743 codices.

291 3777 332 3828 ²7·
353 3759 423 3812 inter
443 3775 482 3833 est
499 3769 526 3810 ct
544 3759 653 3828 publico
672 3762 765 3824 lacuna
787 3763 812 3810 io
833 3761 890 3828 lla;
910 3779 973 3812 aere
992 3764 1019 3814 io
1035 3763 1153 3833 margine
1170 3769 1199 3814 et
1216 3762 1245 3814 in

222 3855 253 3907 G.
270 3854 382 3908 Deinde
394 3871 419 3924 p.
441 3856 503 3921 327,
523 3853 552 3912 3.
565 3856 703 3924 patientia
722 3873 770 3924 pro
790 3857 915 3923 potentio
935 3856 985 3914 Ma.
