2900 4724
439 323 596 442 tram.
641 376 729 441 car.
751 364 887 444 ar-rs
992 352 995 360 ’
1118 363 1180 438 ter
1429 363 1432 476 ι

141 561 228 646 tique
245 564 382 645 primunt
419 561 560 623 Valerius
592 561 712 650 Potitus
745 570 775 620 et
795 555 959 620 ‘Aemilius
987 543 1340 638 ὶιᾶἣιιιιιιόιιῃςῑΜΦ)ι

139 674 323 754 sexagesimo
340 671 431 732 tertio
452 691 533 732 anno
554 681 620 754 post
639 669 823 752 Tarquinios
840 677 971 742 exactos,
988 673 1025 727 ut
1046 677 1110 725 rem
1128 648 1181 724 mi·
1210 717 1212 724 ,

104 775 108 794 ’
140 779 261 842 litarem
284 781 518 842 comitarentur.
544 777 837 860 Dein'gliscentibus
856 775 985 858 negotiis
1002 771 1065 833 dud
1083 767 1181 830 'additi

139 887 192 968 qui
214 888 328 948 Romae
345 896 498 948 curarent.
543 889 614 949 Mox
635 883 806 967 duplicatus
828 899 995 959 numerus,
1015 879 1182 962 stipendia·
1222 877 1227 892 '

100 991 188 1055 bria
212 996 273 1054 iam
303 995 392 1057 ltalia
422 1006 452 1057 et
473 991 686 1068 accedentibus
715 989 944 1074 provinciarum
978 981 1187 1072 vectigalibust

138 1101 214 1162 Post
233 1099 300 1183 lege
316 1099 418 1160 Sullae
444 1097 551 1182 viginti
570 1101 663 1162 creati
684 1097 855 1182 supplendo
874 1096 1010 1174 senatui,
1032 1094 1081 1155 cui
1103 1087 1185 1154 indta

140 1189 387 1270 nta‘tradiderat.
428 1209 470 1269 Et
490 1229 664 1293 quanquam
696 1211 810 1292 equites
843 1207 957 1269 iudicia
989 1203 1187 1285 reciperaris-⁵
1247 1197 1265 1223 ‘¹

141 1325 224 1389 sent,
248 1326 410 1398 quaestura
432 1327 533 1378 tamen
553 1339 588 1379 ex
610 1318 760 1400 dignitate
782 1315 1018 1378 candidatorum
1037 1321 1092 1374 aut
1113 1311 1189 1372 faci·

142 1425 230 1487 litate
254 1423 454 1486 tribuentium
474 1429 608 1510 gratuito
642 1409 876 1500 concedebatur,
912 1421 1009 1485 donec
1038 1419 1188 1483 sententia

83 1551 123 1598 ιιι
143 1532 322 1598 Dolabellae
340 1533 426 1596 velut
446 1534 687 1596 venundaretur.
827 1582 831 1590 ,
1128 1589 1132 1596 ,
1332 1605 1335 1614 Δ

83 1633 142 1716 23
229 1643 309 1704 Aulo
329 1639 457 1706 Vitellio
487 1643 583 1703 Lucio
615 1641 767 1724 Vipstano
786 1629 962 1703 consulibus
981 1629 1052 1702 cum
1072 1611 1340 1723 desupl¹⁴¹¹·⁸⁰¹·l

143 1751 259 1836 plendo
280 1763 385 1816 senatu
415 1753 597 1835 agitaretur,
624 1753 836 1834 primoresque
863 1734 1001 1829 Galliae,
1028 1770 1107 1833 quae
1130 1723 1226 1810 cod*
1245 1718 1342 1788 ω’)

68 1844 71 1857 ’
145 1857 231 1923 mata
250 1861 439 1943 appellatur,
457 1861 582 1952 foedera
602 1871 633 1922 et
656 1863 811 1922 civitatem
825 1859 996 1921 Romanam
1019 1849 1137 1944 pridem
1151 1884 1194 1928 as-

146 1972 242 2032 secuti
265 1971 313 2032 ius
339 1969 605 2053 adipiscendorum
638 1971 669 2031 in
702 1971 782 2041 urbe
812 1965 969 2033 honorum
999 1977 1195 2054 expeterent,

85 2076 128 2141 15
149 2079 263 2144 multus
287 2105 321 2145 ea
342 2104 435 2168 super
456 2107 492 2149 re
511 2089 675 2170 variusque
690 2107 811 2155 rumor.
860 2075 904 2146 Et
920 2073 1044 2146 studiiis
1065 2081 1197 2144 diversis

149 2193 230 2276 apud
259 2191 428 2276 principem
462 2185 657 2274 certabatur,
695 2195 936 2286 asseverantium
959 2215 1021 2255 non
1043 2187 1120 2254 adeo
1144 2213 1198 2254 ae·

148 2323 237 2386 gram
258 2302 378 2364 ltaliam
400 2315 434 2366 ut
455 2314 594 2365 senatum
610 2304 806 2385 suppeditare
842 2303 913 2364 urbi
929 2321 1014 2386 ,suae
1044 2303 1197 2385 nequiret.

149 2409 308 2474 Suffecisse
328 2409 402 2500 olim
426 2411 600 2496 indigenas,
621 2411 859 2495 consanguineis
886 2406 1023 2496 populis,
1054 2431 1110 2472 nec
1132 2431 1198 2494 pae-

111 2555 114 2563 =
149 2519 247 2581 nitere
266 2521 377 2584 veteris
398 2521 441 2582 rei
465 2520 615 2602 publicae.
646 2521 730 2598 Quin
748 2519 848 2580 adhuc
866 2519 1031 2582 memorari
1052 2519 1199 2603 exempla,

89 2639 131 2682 ²0
152 2650 230 2711 quae
253 2631 359 2711 priscis
382 2627 517 2688 moribus
541 2627 580 2688 ad
601 2615 747 2688 virtutem
767 2637 797 2687 et
824 2626 959 2710 gloriam
981 2621 1119 2689 Romana
1148 2629 1197 2690 in·

150 2736 236 2799 doles
252 2725 440 2820 prodiderit.
483 2736 532 2797 An
551 2756 662 2818 parum
683 2734 768 2816 quod
786 2735 897 2796 Veneti
918 2744 950 2796 et
974 2728 1120 2798 Insubres
1141 2755 1197 2796 cu·

150 2847 228 2906 riam
249 2847 440 2926 irruperint,
475 2844 533 2904 nisi
555 2854 658 2904 coetus
680 2841 919 2925 alienigenarum
946 2841 1034 2904 velut
1065 2844 1198 2926 captivi·
1240 2873 1246 2893 ι

151 2965 206 3014 tas
222 2952 398 3014 inferatur?
419 2973 511 3034 quem
534 2951 616 3012 ultra
638 2949 787 3012 honorem
806 2941 937 3014 residuis
959 2949 1123 3036 nobilium,
1141 2953 1199 3028 ,aut

155 3061 179 3122 si
202 3061 270 3144 quis
290 3080 443 3142 paupere
472 3055 560 3124 Latio
588 3069 730 3134 senator,
762 3059 848 3120 lore?
879 3059 1066 3144 Oppleturos
1095 3049 1200 3123 omnia
1232 3055 1237 3081 '¹

96 3161 137 3227 25
157 3169 274 3237 divites
288 3167 376 3241 illos,
398 3187 533 3250 quorum
554 3169 603 3228 avi
617 3167 787 3248 proavique
798 3165 954 3230 hostilium
967 3169 1124 3230 nationum
1139 3167 1199 3230 du·

130 3259 204 3338 ''ces
226 3277 375 3338 exercitus
399 3286 515 3336 nostros
537 3275 619 3336 ferro
640 3275 734 3356 vique¹
751 3275 937 3358 ceciderint,
959 3277 1065 3339 divum
1086 3277 1203 3342 lulium
1296 3257 1297 3260 Ἴ

158 3385 240 3466 apud
259 3382 393 3446 Alesiam
413 3383 598 3449 obsederint.
642 3385 785 3444 Recentia
808 3381 911 3446 baec:
934 3367 1055 3467 quidsi
1085 3408 1200 3450 memo-

159 3494 207 3553 ria
229 3513 337 3554 eorum
356 3504 548 3572 moreretur,
569 3490 622 3574 qui
643 3491 787 3574 capitolio
806 3503 838 3554 et
861 3494 1075 3568 ara‘Romana
1099 3498 1200 3560 mani·

177 3649 451 3666 m

236 3731 271 3808 ¹r.
291 3765 376 3822 potus·
391 3755 451 3818 Μαι
468 3758 587 3808 correxit
606 3755 723 3826 Lipsius,
759 3757 822 3810 lllox
842 3759 866 3810 6.
885 3759 970 3828 legem
991 3759 1090 3814 suillae
1109 3759 1161 3817 tta.

234 3863 271 3900 ιι.
292 3844 416 3918 Vipsana
434 3848 490 3901 Ma:
516 3853 646 3922 Vipstano
665 3854 800 3920 Rupertus
829 3852 943 3924 Epistol.
973 3856 1015 3922 48.
1042 3853 1077 3905 ad
1103 3857 1202 3912 liciac-

158 3959 241 3999 arum.

232 4042 269 4093 rs.
287 4037 469 4110 consaguincs
485 4040 537 4098 tta,
556 4013 626 4092 idem
647 4042 687 4109 ²4·
698 4041 794 4111 forn,
813 4046 931 4096 correxit
947 4012 1095 4098 Atidalius.
