2900 4724
503 328 579 394 utu.
599 327 686 391 Xlll.
721 327 815 389 CAP.
837 327 974 400 ato-tt·
1181 327 1242 394 366

214 535 311 594 num,
334 503 512 576 Comeliu'm
531 515 653 594 Lupum
675 515 914 587 circumventos3
944 515 1005 574 iam
1026 509 1161 592 equitum
1181 502 1279 573 lto-(⁸
1297 499 1391 576 c·⁵⁸<'l

213 642 374 682 munorum
401 622 521 702 agmina
550 605 693 680 damnata
724 639 908 702 omnemque
937 617 1056 681 Claudii
1086 619 1243 680 saeuitiam

191 707 192 718 ἵ
213 727 320 790 Suillio
337 725 539 788 obiectumst
580 727 634 788 llle
648 727 722 788 nihil
740 750 774 788 ex
791 728 839 788 his
854 735 961 809 sponte
979 736 1172 808 susceptum,
1187 723 1243 790 sed

212 835 352 918 principi¹
359 838 494 918 paruisse
513 834 716 912 defendebat,
734 836 831 896 donec
852 857 918 896 eam
938 835 1105 896 orationem
1131 835 1250 894 Caesar

139 963 141 969 ’
179 937 366 1012 tanhusun,
389 921 578 1021 compertum
600 941 657 1000 sibi
677 943 810 1002 referens
832 961 867 1000 ex
897 941 1120 1027 commentariis
1150 941 1245 1022 patuis

213 1051 259 1112 sui
279 1047 391 1112 unllam
410 1051 586 1131 cuiusquam
608 1052 829 1110 accusationem
855 1048 896 1109 ab
916 1069 952 1110 co
973 1061 1120 1111 coactam.
1162 1047 1243 1110 Tua
1284 1057 1287 1070 ’

213 1153 292 1218 iussa
311 1153 489 1216 Messalinae
508 1155 662 1236 praetendi
682 1165 714 1216 et
731 1155 838 1216 labare
857 1155 1003 1216 defensio:
1029 1177 1084 1216 cur
1101 1155 1244 1217 enimue-

146 1245 150 1253 Δ
214 1258 327 1320 minem
355 1259 446 1320 alium
480 1260 657 1340 delectum,
679 1265 732 1343 qui
759 1263 906 1323 saevienti
939 1262 1111 1348 impudicae
1138 1281 1244 1322 vocem

215 1366 396 1448 praeberet?
417 1370 590 1432 Puniendos
602 1391 714 1429 ,rerum
735 1371 882 1428 atrocium
905 1371 1077 1446 ministros,
1097 1369 1151 1430 ubi
1172 1390 1245 1451 pre·

160 1493 197 1534 to
216 1477 258 1538 tia
279 1477 428 1538 scelerum
445 1477 547 1558 adepti
558 1478 670 1538 scelera
684 1477 749 1557 ipsa
764 1477 829 1537 aliis
848 1475 993 1558 delegant.
1015 1479 1111 1556 igitur
1122 1476 1245 1559 ademp-

101 1655 104 1664 ,
160 1603 163 1610 ’
215 1585 420 1646 abonorum
444 1596 532 1666 ponte
559 1583 646 1666 (oum
672 1585 733 1644 filio
753 1595 783 1644 et
810 1585 893 1664 nepti
915 1603 985 1664 pars
1013 1580 1245 1660 concedebatur,

216 1690 484 1774 eximebanturque
513 1693 605 1752 etiam
640 1713 717 1772 quae
744 1700 923 1751 testamento
953 1663 1055 1748 maltis
1087 1700 1141 1751 unt
1160 1691 1245 1752 aviae

215 1805 408 1880 acceperant)
429 1781 469 1857 iu¹
482 1797 594 1858 insulas
626 1799 765 1858 Baleares
786 1798 927 1880 pellitur,
949 1817 1011 1857 non
1037 1798 1069 1856 in
1095 1795 1161 1878 ipso
1181 1795 1245 1857 dis·

154 1979 160 1992 ,
216 1905 355 1982 crimine,
378 1927 438 1966 non
462 1915 530 1987 post
554 1907 777 1966 damnationem
803 1907 913 1976 fractus
935 1905 1047 1986 auimo,
1070 1903 1244 1968 serebatur·

19 1999 22 2020 ¹
80 2047 83 2052 -
162 2006 197 2070 ¹5
215 2034 274 2094 que
294 2015 418 2096 copiosa
437 2025 467 2073 et
487 2011 571 2072 molli
592 2014 653 2074 vito
676 2021 825 2073 secretum
845 2010 922 2072 illud
942 2013 1127 2080 toleravisse.
1168 2013 1244 2076 Fili·

215 2143 269 2182 um
290 2125 354 2184 eius
374 2121 567 2184 Nerullinum
593 2122 737 2200 adgressis
763 2119 986 2182 accusatoribus
1014 2143 1071 2203 per
1097 2121 1243 2186 invidiam

214 2231 307 2312 putris
318 2241 349 2290 et
364 2231 490 2291 crimina
505 2229 750 2313 repetundarum,
765 2229 931 2291 intercessit
940 2227 1080 2312 princeps
1097 2243 1243 2317 tanquam

215 2339 285 2401 satis
308 2338 422 2420 expleta
447 2338 570 2403 ultione.

158 2446 213 2530 44
296 2445 459 2506 Paridem
488 2457 609 2529 tompus
637 2449 783 2509 Octavius
811 2449 925 2529 Sagitta
955 2446 1053 2530 plebei
1083 2442 1242 2523 tribunus,

158 2573 197 2614 ao
215 2551 344 2613 Pontiae
364 2555 499 2616 mulieris
526 2567 638 2636 nuptae
663 2577 766 2616 amore
797 2574 921 2626 vecors,
952 2553 1125 2635 ingentibus
1153 2555 1266 2617 douis'

214 2658 398 2722 adulterium
421 2673 451 2722 et
472 2683 551 2735 mox,
575 2673 609 2721 ut
631 2663 784 2722 omitteret
806 2664 968 2738 maritum,
991 2673 1176 2740 emereatur,
1190 2685 1242 2724 su-

216 2789 269 2828 um
290 2755 520 2855 matrimonium
538 2763 713 2848 promittens
730 2788 774 2840 ,ac
796 2767 918 2848 nuptias
939 2768 1003 2826 eius
1027 2776 1140 2848 pactus.
1181 2769 1243 2830 Sed
1309 2797 1312 2804 ¹

217 2874 270 2933 ubi
291 2873 403 2934 mulier
423 2895 520 2936 vacua
551 2873 627 2948 fuit,
659 2884 777 2934 nectere
808 2893 932 2952 morns‚,
958 2872 1116 2933 adversam
1145 2874 1243 2955 patris

218 2976 405 3038 voluntatem
432 2981 569 3056 causari,
590 2983 770 3060 repertaque
790 2999 842 3060 spe
868 2978 985 3040 ditioris
1004 2980 1139 3062 coniugis
1165 3003 1242 3064 pro·

160 3083 200 3146 25
220 3087 309 3146 missa
330 3107 448 3147 exuere.
491 3087 637 3165 Octavius
659 3098 763 3147 contra
784 3086 877 3148 modo
889 3089 1033 3170 conqueri
1047 3089 1141 3170 modo
1157 3091 1242 3150 mini·
1283 3145 1285 3152 ,

191 3175 193 3180 ’
216 3197 289 3271 tari,
312 3195 423 3254 faunam
444 3195 605 3276 perditam,
626 3197 785 3277 pecuniam
807 3195 977 3256 exhaustam
999 3197 1164 3275 obtestans,
1188 3196 1242 3259 de-

215 3299 310 3383 nique
327 3297 481 3379 salutem,
504 3321 582 3382 quae
606 3298 669 3361 sola
688 3299 804 3382 reliqua
821 3311 913 3377 esset,
940 3300 1069 3362 arbitrio
1088 3303 1152 3363 eius
1174 3325 1241 3384 per-

216 3408 351 3474 mittens.
394 3409 440 3469 Ao
463 3421 621 3492 postquam
636 3410 832 3491 spernebatur
844 3407 862 3482 ,¹
878 3419 999 3470 noctem
1020 3429 1111 3470 uuam
1130 3410 1167 3470 ad
1189 3433 1239 3494 so-

217 3513 324 3576 latium
345 3519 457 3598 poscit,
471 3503 540 3600 oua
564 3518 711 3580 delenitus
736 3519 861 3578 modum
886 3521 916 3578 in
931 3529 1090 3600 posterum
1115 3517 1240 3581 adhibe-

161 3603 277 3682 5⁰1et.
318 3607 469 3686 St'atuitur
489 3648 567 3701 nox,
590 3637 620 3688 et
633 3627 742 3687 Pontia
763 3625 898 3687 consciae
928 3625 1052 3687 ancillae
1072 3606 1240 3690 custodiam

221 3754 542 3774 ‘nnn—m·
603 3747 605 3755 ¹

292 3850 328 3902 13.
348 3851 466 3924 insulam
484 3853 535 3908 Mt.
570 3853 640 3906 Dein
661 3854 700 3908 aa
725 3852 899 3908 Nerullinum
923 3851 968 3922 (ex
981 3851 1056 3920 wi)
1086 3853 1238 3908 Bellonae:

217 3940 305 4012 vulgo
317 3945 488 4001 Nerulinum.
992 3959 995 3983 ¹
