2862 4726
268 373 329 440 tol
666 369 882 432 ANNALIUM

114 569 142 639 (s
156 572 253 646 cns.)
267 555 363 616 lorma
393 553 460 615 init.
510 551 717 614 Benivolentia
738 553 830 634 patris
853 551 982 634 Augusti
1016 562 1048 612 et
1080 571 1147 612 mox
1171 552 1305 634 plurimis

262 663 382 723 Tiberii
404 663 524 724 iudiciis
544 665 587 722 ita
618 664 801 738 insuevisse,
834 673 870 722 ut
899 683 966 746 spes
996 669 1130 743 votaque
1157 683 1212 722 sua
1244 683 1302 722 uon

266 773 351 852 prius
370 771 409 830 ad
429 769 501 830 deos
522 789 615 852 quam
637 768 677 828 ad
698 767 870 850 principum
889 789 978 831 aures
999 769 1168 830 conferret.
1202 769 1304 850 Neque

268 877 417 960 fulgorem
439 877 594 937 honorum
616 897 751 958 unquam
773 887 941 958 precatum:
966 876 1107 938 excubias
1127 898 1164 936 ac
1189 875 1305 937 labores

268 1000 302 1048 ut
323 1009 419 1047 unum
441 1007 458 1050 e
478 963 624 1048 militibus
652 1008 709 1068 pro
739 985 948 1076 incolumitate
979 989 1174 1069 imperatoris
1208 983 1334 1050 mallei

268 1079 414 1156 Attamen
436 1095 518 1178 quod
541 1093 782 1178 pulcherrimum
827 1097 1001 1178 adeptum,
1031 1107 1065 1156 ut
1091 1095 1305 1156 'coniunctione

269 1203 405 1264 Caesaris
417 1204 525 1288 dignus
544 1205 729 1284 crederetur.
772 1205 852 1266 Hinc
875 1207 998 1266 initium
1019 1205 1095 1286 spei.
1138 1195 1179 1264 'Er
1199 1201 1305 1284 quoni-

268 1331 318 1370 am
342 1311 498 1372 audiverit
519 1313 690 1395 Augustum
712 1313 742 1371 in
764 1311 941 1372 collocanda
963 1311 1025 1372 filia
1045 1309 1185 1370 nonnihil
1219 1311 1305 1370 etiam

268 1421 308 1482 de
330 1421 483 1503 equitibus
503 1421 646 1482 Romanis
666 1421 902 1497 consultavisse,
923 1423 983 1499 ita,
1007 1421 1032 1481 si
1054 1421 1183 1481 maritus
1205 1418 1304 1478 Liviae

269 1538 490 1609 quaereretur,
511 1528 636 1588 haberet
657 1529 689 1588 iu
711 1527 814 1588 animo
837 1530 969 1588 amicum
987 1527 1051 1588 sola
1081 1525 1306 1588 necessitudinis
1324 1542 1351 1580 ιο

251 1633 365 1718 ·gloria
388 1657 527 1697 usurum.
569 1637 634 1698 Non
670 1639 750 1696 enim
772 1655 882 1698 exuere
910 1637 1050 1718 imposita
1080 1640 1207 1712 munia,
1236 1636 1304 1696 satis

269 1750 433 1808 aestimare
471 1748 583 1808 firmari
614 1749 741 1808 domum
769 1747 932 1808 adversum
969 1747 1089 1828 iniquas
1120 1744 1304 1828 Agrippinae

169 1931 172 1936 μ
269 1854 467 1926 offensiones,
501 1855 595 1936 idque
625 1853 795 1914 liberorum
828 1874 929 1919 causa.
980 1851 1059 1914 Nam
1091 1851 1149 1913 sibi
1178 1852 1331 1940 multura⁸

269 1981 424 2046 superque
444 1963 525 2020 vitae
546 1961 633 2038 fore,
653 1960 737 2043 quod
764 1959 819 2020 tali
849 1981 918 2019 oum
949 1960 1088 2042 principe
1118 1960 1306 2044 explevisset.

269 2069 318 2134 Ad
342 2091 378 2130 ea
399 2069 540 2129 Tiberius
561 2067 683 2154 laudata
704 2071 819 2152 pietate
840 2068 940 2128 Seiani
962 2071 1085 2153 suisque
1108 2071 1138 2132 in
1164 2093 1235 2134 eum
1256 2052 1353 2136 be-lO

269 2174 386 2236 noticiis
408 2175 525 2235 modice
546 2176 717 2256 percursis,
739 2187 951 2257 cumutempus
979 2187 1128 2258 tanquam
1160 2182 1199 2242 ad
1234 2183 1306 2242 inte·
1383 2196 1389 2222 ⁸

269 2303 356 2366 gram
381 2280 635 2343 consultationem
655 2285 820 2364 petivisset,
845 2283 982 2346 adiunxit
1002 2287 1109 2348 ceteris
1134 2287 1308 2348 mortalibus

269 2389 301 2450 in
324 2411 360 2450 eo
386 2401 465 2451 stare
486 2388 627 2462 consilia,
651 2389 724 2472 quid
752 2392 810 2452 sibi
835 2389 1006 2452 conducere
1034 2401 1165 2473 putent,
1203 2392 1308 2476 priuci-

268 2517 343 2580 pum
361 2497 514 2559 diversam
535 2519 599 2558 esse
620 2511 745 2578 sortem,
761 2502 872 2581 quibus
894 2503 1057 2584 praecipua
1077 2521 1194 2561 rerum,
1209 2502 1249 2562 ad
1267 2501 1308 2561 fa·

269 2599 351 2668 ruam
376 2605 545 2688 dirigenda.
567 2607 640 2668 ldeo
660 2631 692 2669 se
713 2631 774 2669 non
796 2609 868 2671 illue
892 2611 1070 2687 decurrere,
1089 2609 1174 2694 quod
1188 2629 1307 2689 promp·
1320 2624 1356 2672 ‘ro

269 2724 335 2774 tum
361 2715 530 2796 rescripta,
563 2735 648 2795 posse
682 2717 779 2798 ipsam
801 2717 921 2778 Liviam
942 2729 1094 2797 statuere,
1129 2717 1309 2780 nubendum

269 2832 337 2902 post
353 2821 489 2882 Drusum
509 2809 556 2884 an*
571 2822 603 2880 in
626 2822 786 2902 penatibus
807 2823 902 2883 isdem
913 2873 916 2879 .
927 2823 1120 2884 tolerandum
1153 2823 1282 2887 baberet
1298 2847 1306 2898 ς

269 2948 334 2988 esse
354 2929 398 2988 illi
420 2939 548 2990 matrem
570 2940 600 2989 et
627 2931 745 3010 aviam,
771 2932 918 3014 propiora
947 2933 1084 3002 consilia.
1137 2933 1307 3017 Simplicius

269 3043 421 3102 acturum.
461 3036 509 3096 De
531 3037 693 3100 inimicitiis
716 3041 849 3119 primum
882 3038 1085 3122 Agrippinae,
1112 3062 1186 3122 quas
1222 3042 1307 3126 longe

269 3141 369 3201 acrius
389 3162 535 3218 arsuras,
555 3141 581 3202 si
603 3147 828 3204 matrimonium
852 3145 958 3206 Liviae
980 3145 1066 3206 velut
1086 3149 1116 3206 in
1136 3161 1238 3228 partes
1258 3152 1310 3210 do-
1324 3147 1356 3210 ri

269 3271 354 3310 mum
377 3250 538 3310 Caesarum
564 3253 755 3314 distraxisset
777 3253 827 3313 Sic
848 3275 974 3336 quoque
992 3275 1153 3337 erumpere
1175 3257 1308 3317 aemula-

271 3358 385 3435 tionem
404 3355 605 3440 feminarum,
628 3383 724 3443 eaque
746 3359 897 3422 discordia
920 3373 1047 3444 nepotes
1067 3383 1136 3445 suos
1158 3365 1305 3427 convelli:

271 3459 347 3542 quid
368 3461 391 3523 si
414 3466 592 3531 intendatur
612 3483 765 3533 certamen
779 3469 833 3530 tali
853 3471 1020 3552 coniugio?
1041 3471 1193 3546 „Falleris
1215 3475 1307 3547 enirn,
1401 3517 1402 3524 ι

270 3573 395 3650 Seiano,
416 3576 441 3634 si
465 3584 495 3634 te
516 3595 691 3637 mansurum
712 3579 742 3636 in
767 3575 873 3637 eodem
895 3575 1002 3638 ordine
1015 3587 1114 3658 putas,
1132 3589 1162 3638 et
1177 3580 1305 3663 Liviam,

266 3681 447 3762 quaeGaio
470 3683 615 3760 Caesari,
638 3681 834 3742 mox-Druso
857 3694 951 3776 nupta
986 3683 1096 3758 luerit,
1135 3709 1170 3747 ea
1206 3683 1353 3748 mentedo

261 3797 422 3865 acturam,
443 3799 477 3849 ut
497 3809 567 3850 cum
590 3789 691 3868 equite
710 3788 850 3848 Romano
871 3801 1020 3857 senescat.
1062 3791 1128 3874 Ego
1145 3805 1179 3853 ut
1198 3795 1306 3867 sinam,

267 3895 404 3958 credisne
424 3915 564 3976 passuros
587 3896 639 3977 qui
662 3894 790 3975 fratrem
812 3895 896 3972 eius,
930 3901 982 3982 qui
1013 3911 1130 3982 patrem
1162 3901 1305 3962 maiores-

267 3984 328 4088 ‹iue
346 4001 466 4068 nostros
486 4006 517 4066 in
549 4008 673 4066 summis
700 4006 838 4092 imperiis
866 4008 993 4072 videret
1037 4011 1093 4073 Vis
1124 4022 1157 4074 tu
1187 4007 1310 4094 quidem
