2900 4724
460 272 555 334 mn.
576 269 649 332 xu.
696 267 784 342 mr.
808 265 951 358 art-ae..
1176 239 1262 326 au'

202 473 275 535 gens
296 451 372 514 salsi.
412 451 521 532 Neque
543 449 624 510 enim
644 446 819 528 segnem-ei
840 442 931 504 luisse
956 437 1090 503 indolem
1120 439 1274 518 serunt,(a
1291 445 1385 518 C.5o.)

110 581 111 584 ’
204 561 267 620 sive
285 579 404 636 verum,
427 559 481 618 beu
507 555 648 639 periculis
666 551 894 616 commendatus
915 533 1042 610 retinuit
1064 547 1174 609 samam
1194 546 1236 606 si.

145 665 245 747 fflne
268 668 484 748 experimento.
527 663 587 724 seu
620 661 831 743 Agrippina,·
851 679 912 740 qno
947 659 1007 716 vim
1037 675 1123 743 suam
1154 655 1242 714 sociis

205 797 326 858 quoque
346 773 520 834 nationibus
551 781 736 848 ostentaret,
764 771 795 830 in
829 765 974 849 oppidum
1004 763 1178 837 Ubiorum,
1209 763 1241 820 in

165 889 265 965 5quo
286 883 385 965 genita
414 892 498 958 erat,
523 890 684 942 veteranos
714 878 925 958 coloniamque
945 871 1054 934 deduci
1085 871 1241 951 impetrat;

201 991 250 1050 oui
268 1011 379 1050 nomen
402 989 535 1050 inditum
559 984 745 1048 e'voeubulo
767 985 869 1066 ipsiust
914 981 958 1042 Aa
981 981 1059 1038 forte
1079 977 1239 1050 acciderat,

200 1109 235 1158 ut
254 1119 320 1158 eam
349 1107 467 1178 gentem
488 1095 595 1157 Rheno
616 1105 828 1175 transgressam
851 1111 925 1152 avus
946 1088 1078 1168 Agrippa
1100 1087 1129 1144 in
1152 1082 1242 1146 lidem-

200 1205 360 1284 aeciperet.
443 1275 446 1284 ,

282 1309 384 1370 Isdem
410 1307 601 1388 temporibus
623 1308 654 1366 in
679 1307 834 1388 superiore
858 1305 1021 1366 Germania
1051 1297 1239 1380 trepidatum

148 1434 184 1474 ro
202 1414 341 1476 adventu
375 1391 562 1484 Chattorum,
588 1409 750 1472 latrocinia
779 1410 972 1490 agitantium.
1024 1407 1102 1464 Dein
1128 1409 1242 1468 Luctus

117 1575 118 1580 ,
201 1517 391 1599 Pomponius
412 1517 528 1598 legatus
552 1515 710 1576 auxiliares
732 1514 908 1595 Vangionas
926 1534 960 1571 ae
982 1512 1120 1572 Nemetas
1151 1513 1238 1572 addi·

175 1667 177 1679 .
201 1635 234 1684 to
254 1621 355 1706 equite
376 1625 471 1686 alerio
492 1627 629 1700 monuit,
655 1635 689 1685 ut
714 1625 867 1684 anteirent
891 1619 1096 1702 populatores,
1120 1616 1169 1702 rel
1194 1618 1240 1678 di-

202 1728 294 1811 lapsis
316 1732 470 1810 improvisi
492 1729 819 1790 circumfunderentur.
868 1729 909 1788 Et
941 1735 1045 1786 secuta
1080 1723 1241 1784 consilium

203 1835 288 1896 ducis
310 1837 462 1898 industria
482 1835 624 1912 militum,
649 1838 799 1919 divisique
819 1837 848 1896 iu
871 1837 933 1897 duo
953 1833 1084 1918 agmina,
1104 1818 1158 1915 qui
1178 1833 1242 1894 lno-

146 1949 185 2013 15
205 1965 280 2004 vum
301 1945 358 2006 iter
379 1947 565 2027 petiverant,
591 1956 695 2008 recens
717 1947 853 2006 reversos
869 1942 1042 2024 praedaque
1062 1962 1118 2022 per
1138 1941 1240 2000 lurum
1260 1922 1264 1930 ’

207 2069 277 2110 usos
299 2058 331 2109 et
347 2069 457 2112 somno
470 2071 584 2132 ,graves
606 2052 844 2115 circumvenere.
887 2047 988 2108 Aucta
1008 2046 1137 2124 laetitia,
1159 2037 1240 2130 quotl

205 2158 352 2238 quosdam
372 2179 390 2218 e
412 2157 497 2223 clade
522 2159 657 2219 Variana
677 2157 939 2239 quadragesimum
955 2163 1023 2236 post
1046 2177 1161 2214 antrum
1182 2177 1241 2216 scr·

142 2255 282 2342 28viti0
306 2274 491 2326 exemerunt.
534 2265 574 2324 At
594 2267 647 2347 qui
680 2264 794 2324 dextris
824 2271 856 2324 ot
880 2264 1073 2345 propioribus
1094 2285 1240 2344 corripen-

122 2399 124 2403 ’
191 2373 396 2447 austeram,
417 2373 511 2435 obvio
532 2372 609 2434 hosti
633 2383 664 2432 et
685 2375 783 2436 eciem
803 2391 878 2433 auso
900 2371 969 2452 plus
989 2354 1088 2434 eladis
1105 2372 1241 2446 laniunt,
1291 2371 1294 2386 “

142 2498 180 2538 ao
199 2489 232 2541 et
250 2469 361 2560 praeda
383 2481 522 2561 famaque
543 2480 642 2538 onusti
660 2477 701 2538 ad
724 2489 859 2539 montem
877 2479 1020 2538 Taunum
1032 2490 1239 2550 revertuntur,

199 2589 254 2650 ubi
284 2588 471 2668 Pomponius
503 2609 572 2646 curu
595 2586 770 2669 legionibus
799 2585 1032 2666 opperiebatur,
1072 2588 1098 2646 si
1135 2577 1236 2646 Chatti

111 2745 115 2756 ,
199 2695 341 2776 cupidine
354 2694 522 2756 ulciscendi
544 2715 647 2754 casum
669 2712 788 2774 pugnae
805 2685 1008 2772 praeberent.
1060 2691 1107 2752 llli
1134 2702 1239 2770 metu,

201 2823 239 2860 ne
253 2801 333 2863 *hine
356 2802 512 2862 Romanus
533 2801 604 2860 inde
625 2799 787 2871 Cherusci,
811 2799 967 2881 numquis
999 2809 1155 2858 aeternum
1178 2797 1239 2858 clis-

202 2907 348 2986 eorclant,
369 2889 709 2992 circumgrederentur,
730 2905 845 2990 legatos
881 2910 913 2968 in
934 2906 1045 2968 urbem
1066 2917 1096 2965 et
1119 2905 1240 2966 obsides

137 3006 334 3092 ''ati-miserm
356 3017 558 3096 decretusque
577 3013 956 3098 Pomponio'triumphalis
977 3014 1095 3090 honos,
1120 3012 1240 3074 modica

203 3131 273 3207 per's
295 3122 393 3184 famae
413 3123 476 3184 eius
500 3123 581 3204 apud
606 3130 761 3202 posteros,
785 3121 822 3180 in
851 3123 918 3204 quis
950 3122 1117 3182 carminum
1143 3117 1240 3203 gloria

145 3227 365 3309 Qgpraecellit.
406 3229 467 3288 Per
489 3227 567 3286 idem
587 3238 705 3306 tempus
718 3229 856 3288 Vannius
877 3227 981 3286 Snevis
1003 3246 1020 3284 a
1045 3225 1146 3282 Druso
1160 3222 1237 3282 Cae.

161 3398 165 3404 ,
201 3333 448 3416 sareimpositus
469 3331 592 3414 pellitur
608 3325 723 3423 regno,
755 3333 851 3412 prium
868 3328 994 3410 vimperii
1016 3339 1114 3390 aetate
1135 3329 1237 3390 clarus
1317 3335 1334 3368 '¹

201 3605 294 3668 rebat,
326 3606 409 3666 immo
435 3604 564 3658 macroris
590 3612 618 3656 et
636 3603 943 3657 misericorcliae'causa
967 3605 1093 3670 exstitit,
1111 3611 1169 3660 tum
1188 3583 1239 3662 vcss
1321 3639 1324 3649 v

201 3714 307 3754 romeon
324 3694 447 3750 ludibria
465 3697 512 3752 sed
530 3697 680 3752 ludibrium
698 3699 827 3768 scriptum
846 3701 976 3768 oportuit.

290 3811 313 3860 9.
332 3789 450 3844 advectu
469 3793 620 3847 catinorum
642 3795 691 3852 Mt.

275 3903 314 3940 ra.
330 3886 434 3938 monuit
453 3885 631 3942 Puteolanus:
652 3887 757 3944 codices
777 3889 902 3942 morritoa
991 3891 996 3916 '
