2862 4726
899 101 904 126 l

470 317 544 387 tto.
568 317 623 382 rs.
670 275 761 380 cs'r.
784 315 948 384 sa-cs
1152 291 1210 376 aar
1267 367 1271 374 r

174 509 423 575 assuetissimum
456 501 653 589 flagrantibus
678 489 751 565 sola
781 501 899 562 Tiberii
928 495 1064 580 effigies,
1094 495 1152 556 sita
1182 493 1213 555 in
1228 496 1256 568 (r
1267 493 1295 550 C.
1309 492 1384 564 27.)¹

105 661 106 664 =
173 619 268 679 domo
303 618 383 680 lunii
404 618 563 690 senatoris,
605 613 749 674 inviolata
796 608 963 670 mansisset.
1012 602 1162 704 Evenisse
1183 599 1216 661 id

173 727 256 788 olim¹
270 721 414 786 Claudiae
444 721 602 801 Quintae,
633 723 757 802 eiusque
790 707 921 780 statuam
944 715 1008 775 vim
1028 711 1144 794 ignitam
1169 702 1217 790 bis
1261 740 1265 756 =

177 836 308 917 elapsam
334 837 462 896 maiores
486 831 568 916 apud
586 831 694 892 aedem
734 830 841 888 matris
863 825 954 894 deum
984 804 1241 883 consecravisse,

140 938 303 1004 5Sanctos
341 954 540 1024 acceptosque
573 938 750 998 numinibus
787 933 949 1012 Claudios,
989 939 1022 992 et'
1050 931 1220 1016 augendam

178 1050 396 1113 caerimoniam
418 1047 507 1122 loco,
533 1048 563 1106 in
587 1067 648 1128 quo
669 1053 789 1105 tantum
823 1045 854 1104 in
877 1041 1045 1126 prinoipem
1070 1039 1221 1101 honorem

120 1146 212 1233 65di
236 1160 436 1222 ostenderint.
492 1155 581 1216 Haud
617 1156 708 1239 saepit
738 1153 907 1216 absurdum
932 1146 1055 1213 tradere
1085 1158 1222 1209 montem
1273 1153 1281 1206 '.

176 1293 247 1332 eum
270 1266 439 1349 antiquitus
457 1263 743 1345 Querquetulanum
765 1271 968 1344 cognomento
991 1259 1100 1332 fuisse,
1138 1254 1224 1340 quod

81 1416 84 1425 s
177 1375 248 1436 talis
268 1373 363 1434 silvae
386 1371 527 1450 frequens
549 1367 759 1448 fecundusque
776 1377 853 1440 erat,
877 1387 945 1425 mox
958 1364 1096 1426 Caelium
1118 1362 1223 1448 appel-

126 1503 165 1544 πο
183 1469 303 1545 litatum
325 1502 343 1540 a
365 1475 456 1538 Caele
476 1449 640 1546 vineunt,
663 1475 716 1553 qui
740 1471 800 1532 dux
823 1471 919 1552 gentis
950 1469 1119 1544 Etruscae,
1152 1493 1224 1534 cum

181 1589 327 1650 auxilium
347 1581 477 1654 tulisset,
499 1561 601 1640 sedern
622 1599 690 1642 eam
711 1584 869 1658 acceperat
888 1593 913 1634 a
925 1573 1225 1656 TarquinioPrisco,

187 1779 458 1798 Μ

242 1895 279 1931 ιι.
301 1873 419 1950 tulisset]
441 1873 609 1946 appellatum
627 1873 742 1952 touisset
759 1873 805 1942 M3
826 1859 1070 1946 correxitlsipsius.
1083 1901 1117 1918 υ-
1129 1875 1226 1950 appel·
1289 1871 1291 1878 ’

184 1977 271 2030 lotum
288 1992 321 2026 ex
337 1991 415 2026 versu
433 1969 613 2024 antecedente
643 1969 790 2040 repetituni
817 1985 876 2022 esse
904 1971 1045 2024 verissime
1072 1970 1228 2046 observavit

185 2071 312 2140 Lipsius,⁸
334 2065 408 2144 quod
429 2068 477 2138 qui
496 2083 550 2118 noo
568 2075 731 2135 'agnoscunt
755 2065 849 2119 sordes
876 2070 940 2137 puri
959 2071 1093 2122 sermonts
1110 2071 1228 2124 amatori

184 2143 348 2221 obtrudunt.
384 2163 423 2216 En
442 2165 559 2216 tersisset
578 2161 652 2232 quod
668 2161 757 2212 fecere
774 2158 943 2216 ductauisset
959 2165 1004 2216 vel
1021 2158 1231 2222 adductavtsser

186 2263 249 2318 attis
268 2265 382 2316 sortasse
401 2261 519 2331 placeat,
539 2273 596 2310 non
619 2257 701 2310 mihi:
724 2261 762 2310 lta
783 2259 857 2310 enim
876 2272 932 2310 non
952 2260 1088 2312 auxilium
1111 2260 1160 2313 sed
1176 2278 1231 2314 au·
1320 2280 1322 2288 ’

185 2362 259 2414 stitia
278 2358 380 2428 (copias
398 2357 556 2423 auxiliares)
573 2357 703 2424 scriptum
728 2358 859 2425 oportuit.
897 2355 1008 2424 Quanto
1037 2357 1136 2408 melius
1163 2357 1232 2428 Lip-
1270 2377 1275 2381 ‘

163 2469 165 2472 ·
187 2455 244 2504 sius
266 2458 409 2520 corruptae
424 2443 582 2518 'scripturae
601 2451 699 2504 duetus
717 2460 745 2504 et
762 2454 875 2520 vestigia
895 2455 1012 2522 pressit:
1032 2454 1107 2506 'nam
1125 2469 1159 2508 ex
1177 2469 1231 2508 an-

186 2551 265 2620 tiqua
285 2550 416 2618 scripture
435 2545 607 2604 TVtISSET
627 2549 721 2597 natam
742 2532 784 2598 est
807 2533 990 2602 'PAVISSE'I'.
1027 2549 1142 2603 Ceterae
1164 2561 1235 2602 cun-1

188 2643 369 2704 iecturaead
397 2643 422 2694 h.
442 2643 462 2694 l.
486 2644 681 2711 prolataenon
699 2644 764 2694 satis
784 2643 883 2714 dignae
913 2653 995 2709 sunt,
1021 2665 1091 2717 quae
1112 2662 1240 2701 comme·.
1279 2669 1284 2678 ¹

189 2733 338 2791 morentur.
377 2739 418 2788 Ile
437 2739 519 2792 Caele
537 2739 665 2791 Vibenna
684 2737 895 2807 diligentissime
917 2743 1045 2810 exposuit
1059 2739 1232 2795 Niebuhrius

190 2837 219 2886 in
243 2834 341 2886 Hister.
365 2833 441 2884 Rom.
460 2835 479 2887 l.
502 2852 525 2904 p.
549 2837 607 2904 393.
627 2837 669 2888 ed.
688 2855 712 2888 a.
730 2835 841 2889 Claudii
861 2821 982 2890 Caesaris
1002 2837 1036 2892 de
1054 2838 1123 2890 duce
1141 2838 1232 2890 Tusco

174 2930 325 2990 narratio,
344 2929 442 2981 hausta
462 2945 495 2980 ex
513 2927 608 2980 Tuscis
625 2927 791 2990 annalibus,
811 2939 970 2998 exprompta
996 2931 1026 2983 in
1052 2933 1177 2984 oratione
1203 2931 1234 2983 in
1300 2948 1301 2953 ¹

192 3035 329 3078 senatus.
349 3028 408 3080 801.
431 3025 526 3078 habita
556 3042 587 3076 ac
605 3032 709 3077 servata
731 3023 888 3085 intahulis
917 3024 1024 3080 duabus
1052 3029 1144 3080 aeneis
1161 3025 1234 3096 Lug-

193 3123 260 3174 duni
279 3123 395 3190 repertis
411 3122 460 3190 (V.¹
471 3119 653 3174 Broteriusad
671 3120 768 3174 dunat.
782 3127 800 3171 t.
821 3120 853 3172 ΙΙ.
874 3137 900 3191 p.
917 3125 975 3192 348.
992 3125 1092 3178 Gruter
1109 3099 1134 3194 p.
1149 3123 1235 3188 ult),

195 3221 355 3271 a'l'acitina
376 3219 532 3296 discrepans
551 3234 608 3268 non
634 3219 722 3286 ipsum
749 3220 859 3272 Caelern
885 3219 933 3272 sed
960 3221 1028 3274 eius
1044 3219 1160 3273 amicum
1177 3219 1236 3270 Ma·

195 3327 312 3370 sternam
331 3335 351 3368 s,
373 3316 494 3368 Servium
515 3313 636 3364 Tullium
654 3319 763 3367 Romam
780 3317 887 3370 venisse
908 3316 1011 3370 tradit:
1031 3315 1141 3370 Servius
1167 3313 1235 3366 Tut-

173 3413 270 3475 ,lius‚
288 3415 314 3464 si
334 3427 443 3466 nostros
461 3415 616 3483 sequimur,
650 3413 766 3482 captiva
794 3423 877 3464 nutus
906 3412 1031 3476 Ocresia,
1060 3411 1085 3462 si
1114 3411 1236 3471 Tuscos,

194 3507 278 3559 'Caeli
296 3505 437 3576 quondam
460 3509 603 3560 Vivennae
621 3505 727 3560 sodalis
739 3506 931 3580 fidelissimus,
944 3509 1090 3578 amnisque
1111 3507 1169 3557 eius
1188 3524 1235 3560 ca·
1277 3485 1280 3492 Χ

194 3619 242 3652 sus
263 3617 363 3652 comes:
379 3616 522 3674 postquam
542 3602 627 3653 storia
653 3603 768 3666 fisrtuna
796 3617 910 3656 exactus
934 3620 993 3656 cum
1020 3601 1142 3676 omnibus
1168 3602 1236 3654 reli-

136 3679 141 3690 ⁸
196 3695 273 3766 quis's
293 3696 422 3747 Caeliani
441 3699 576 3750 exercitus
594 3689 714 3749 Etruria
737 3701 860 3760 excessit,
878 3697 994 3754 ruentem
1016 3697 1137 3750 Caelium
1156 3713 1237 3750 occu·
1298 3764 1303 3775 -
1370 3685 1375 3706 '

179 3792 304 3870 pauit,
316 3803 342 3842 et
363 3809 379 3841 a
402 3779 469 3843 duce
489 3811 537 3846 suo
556 3793 650 3843 Coelio
673 3795 712 3844 ita
730 3795 907 3864 appellitatus
928 3795 1118 3871 (appellatoris
1136 3791 1237 3859 Nico).

199 3881 308 3933 Abusus
327 3893 369 3936 est
390 3885 440 3934 troc
463 3887 521 3937 loco
541 3887 696 3948 Waltheru's
715 3889 750 3942 ad
770 3891 954 3944 coniecturam
974 3905 1049 3946 suam
1068 3888 1237 3959 appellatum

199 3981 559 4050 itavissstapprobandarn.
638 4049 646 4065 l
737 3976 739 3982 ’
