2862 4730
228 311 284 376 '⁷8
657 304 880 370 ANNALIUM
907 301 917 310 ⁸

90 503 121 570 [a
136 499 166 552 c
182 492 425 572 immiscuerint
442 511 562 568 manus,
588 492 680 554 inane
702 491 792 552 victis
812 499 978 552 ventorum
995 508 1193 552 remorumve
1212 494 1286 554 sirb-

240 601 363 665 sidium.
391 602 600 665 Meminissent
621 599 712 662 modo
733 600 881 662 avaritiae
903 599 1094 660 crudelitatis
1112 600 1284 681 superbisset

162 771 165 802 Ι
239 709 322 770 aliud
340 709 397 770 sibi
420 707 574 790 reliquum
593 731 688 791 quam
708 719 812 770 tenere
839 707 1011 770 libertatem
1037 719 1091 768 aut
1110 709 1191 768 mori
1207 719 1285 769 'ante

239 817 421 896 servitium?
464 815 515 876 Sic
545 836 690 876 accensos
720 826 751 876 et
785 813 937 896 praelium
965 824 1124 902 poscentes
1145 813 1176 874 in
1200 803 1338 884 cam-16

141 905 143 909 ,
238 945 333 1008 pum,
372 925 421 984 cui
448 921 606 1002 Idistaviso
632 943 763 998 nomen,
795 921 964 982 deducunt.
1011 925 1047 1001 ¹ls
1067 921 1184 984 medius
1205 924 1316 990 inter5

239 1034 402 1114 Visurgim·
419 1039 449 1090 et
468 1029 587 1108 colles,
623 1039 658 1090 ut
686 1029 770 1110 ripae
788 1027 932 1108 ‘fluminis
959 1028 1072 1090 cedunt
1097 1041 1150 1090 eut
1169 1033 1287 1113 promi·

239 1147 344 1204 nentia
377 1141 528 1200 montium
559 1138 729 1215 resistunt,
761 1137 965 1220 inaequaliter
993 1140 1144 1200 sinuatur.
1201 1141 1288 1202 Pone

239 1261 364 1333 tergum
382 1248 560 1330 insurgebat
581 1245 681 1319 silva,
721 1245 810 1306 editis
833 1248 865 1306 in
889 1245 986 1306 altum
1009 1249 1116 1325 ramis,
1148 1257 1179 1308 et
1209 1267 1287 1330 pure

239 1358 336 1418 humo
358 1357 439 1418 inter
459 1355 604 1416 arborum
624 1365 759 1446 truncos.
804 1354 952 1434 Campum
967 1365 998 1415 et
1020 1355 1119 1436 prima
1139 1353 1287 1416 silvarum

240 1465 376 1526 barbara
397 1465 477 1532 acies
497 1469 618 1524 tenuit:
639 1460 695 1524 soli
717 1462 866 1522 Cherusci
879 1464 952 1544 iuga
965 1463 1127 1542 insedere,
1148 1473 1184 1523 ut
1196 1485 1283 1546 pcae-
1299 1479 1332 1519 ro

240 1575 387 1636 liantibus
409 1575 557 1648 Romanis
578 1572 711 1654 desuper
731 1574 956 1636 incurrerent..
991 1571 1104 1632 Noster
1134 1573 1287 1632 exercitus
1318 1615 1323 1623 -

237 1687 283 1744 sic
306 1683 452 1762 incessit,
485 1680 646 1756 auxiliares
667 1678 750 1744 Galli
772 1681 976 1762 Germanique
1003 1679 1035 1738 in
1059 1677 1182 1758 hont'e,
1220 1691 1289 1762 post

238 1815 318 1876 quos
338 1791 453 1875 pedites
474 1789 639 1872 sagittarii3
662 1787 736 1851 dein
755 1799 901 1871 quattuor
922 1788 1055 1869 legiones
1074 1798 1189 1849 etcum
1211 1787 1287 1849 dna·-

243 1903 305 1964 hus
327 1898 488 1983 praetoriis
509 1895 689 1960 cohortibus
711 1878 755 1958 ucx
776 1894 896 1956 delecto
925 1893 1028 1976 equite
1048 1894 1185 1973 Caesar3
1218 1896 1287 1956 exin

246 2011 375 2074 totidem
396 2005 473 2070 aliae
493 2007 626 2090 legiones
649 2017 679 2068 et
698 2005 773 2067 levis
799 2015 953 2065 armatura
974 2025 1045 2064 oum
1065 2005 1167 2086 equite
1194 2000 1334 2084 sagit-15

199 2112 201 2115 ’
246 2109 342 2200 tar-id,
364 2129 544 2202 ceteraeque
563 2116 717 2178 sociorum
737 2115 889 2180 cohortes.
940 2115 1081 2176 Intentus
1103 2124 1287 2196 paratusque

199 2215 202 2222 ‚
239 2229 354 2314 miles,
373 2239 409 2290 ut
430 2225 507 2288 ordo
528 2228 655 2314 agminis
675 2228 709 2287 in
733 2227 828 2286 aciem
850 2222 1012 2284 assisteret.
1066 2223 1146 2283 Visis
1167 2222 1340 2305 Cheru-17

238 2359 366 2401 *ecorum
389 2338 542 2416 catervis,
568 2358 647 2419 quae
670 2358 727 2419 per
749 2335 893 2413 ferociam
915 2341 1140 2415 proruperant,
1162 2329 1286 2394 validis·

245 2451 338 2512 simos
359 2450 499 2530 equitum
521 2447 681 2507 incurrere
700 2445 795 2520 latus,
810 2443 999 2533 ¹Stertinium
1013 2462 1082 2502 cum
1096 2438 1203 2518 ceteris
1217 2447 1286 2498 tur·

246 2557 303 2618 mis
319 2557 521 2641 circumgredi
546 2567 697 2638 tergaque
718 2549 865 2652 invadere
888 2549 993 2622 iubet,
1017 2549 1081 2632 ipse
1102 2552 1134 2609 in
1151 2558 1334 2628 temperato

246 2663 405 2726 affuturus.
447 2663 571 2724 Interea
591 2659 830 2743 pulcherrimum
855 2659 1036 2738 augurium,
1068 2665 1137 2716 octo
1166 2652 1288 2736 aquilae

245 2783 353 2855 petere
375 2771 466 2833 silvas
486 2779 517 2832 et
538 2773 656 2830 intrare
680 2769 762 2826 visae
782 2769 997 2846 imperatorem
1018 2761 1188 2828 advertere.
1225 2764 1288 2823 Ex·

222 2895 226 2898 ·
246 2878 356 2940 clamat
374 2881 455 2939 irent
472 2885 674 2960 sequerentur
698 2875 851 2936 Romanas
868 2891 956 2947 aves,
983 2870 1108 2952 propria
1132 2869 1287 2962 legionum

194 3031 196 3036 -
244 2990 382 3054 numina.
436 2985 544 3064 ¹Simul
572 2985 717 3067 pedestris
748 2983 827 3043 acies
863 2980 1012 3060 infertur,
1044 2990 1075 3040 et
1103 2981 1287 3062 praemissus

243 3173 504 3188 u———a-—u———fl

333 3295 357 3348 6.
376 3267 536 3364 tricenna
562 3297 603 3348 est
633 3289 742 3344 dativus
768 3289 817 3344 sed
840 3287 1042 3346 nominativus,
1071 3294 1102 3338 ut
1128 3289 1287 3355 oppositum⁴
1412 3215 1414 3336 l

201 3427 203 3432 ·
238 3390 433 3462 prominentia
457 3363 590 3440 rdorstium
615 3382 757 3437 ostendit:
783 3382 863 3451 ripun
894 3379 1004 3444 (dextra
1029 3393 1061 3430 ac
1077 3379 1198 3448 sinistra)
1222 3397 1285 3434 cum

242 3485 356 3538 flumine
376 3501 425 3538 suo
443 3481 548 3550 campis
566 3478 601 3552 ad
619 3477 741 3530 dextram
761 3475 849 3543 ripam
867 3475 927 3526 sitis
946 3475 974 3526 in
993 3473 1098 3524 laevam
1117 3481 1222 3544 partem
1242 3491 1286 3528 ee-

183 3618 187 3628 .
237 3580 321 3640 ,dunt
359 3580 394 3632 At
411 3555 601 3649 prominentia
620 3571 752 3623 montium
769 3584 826 3620 non
847 3568 1028 3639 intelligenda
1046 3576 1111 3620 suut
1129 3568 1164 3622 de
1181 3570 1285 3622 monti-

242 3675 295 3739 bus
313 3676 342 3728 in
363 3673 486 3726 dextram
504 3669 592 3737 ripam
610 3663 849 3734 prominentibus,
867 3665 896 3716 in
911 3681 943 3717 ea
962 3665 1035 3716 enim
1052 3680 1161 3734 campus
1180 3674 1208 3718 et
1227 3667 1285 3716 ool*

243 3742 285 3822 les
302 3776 396 3829 erant,
414 3763 492 3818 nulla
511 3759 648 3812 montium
664 3757 869 3826 prominentia,
887 3759 935 3811 sod
955 3758 1047 3828 potius
1067 3758 1284 3814 desinistrasso-

242 3865 325 3920 minis
343 3863 422 3928 ripa,
443 3857 519 3908 cuius
537 3858 644 3926 montes
663 3850 709 3902 hie
728 3851 787 3904 illic
805 3853 993 3922 prominentes
1014 3854 1222 3922 impediebant,
1247 3866 1283 3902 ns

244 3960 340 4014 durius
360 3951 461 4022 campis
484 3950 513 3999 iu
532 3946 626 3998 dextra
644 3953 721 4016 parte
737 3948 836 4020 positis
854 3949 960 4022 ubique
978 3952 1094 4005 eederet.
1142 3965 1151 3976 ¹
