2826 4730
250 322 309 390 tlt
579 345 582 352 ·
674 314 893 378 suusLttttt

105 504 235 576 (tc-²⁰)
253 506 445 566 triumviratu
473 507 602 564 iusserat
637 503 789 576 abolevit,
824 500 967 581 deditque
996 500 1084 570 iura,
1113 499 1181 580 quis
1213 518 1285 577 pace

247 621 278 672 et
297 611 435 691 principe
457 618 625 668 uteremur.
670 607 801 666 Arriora
823 628 855 666 cx
879 626 915 665 eo
938 603 1049 683 vincla,
1072 603 1162 664 inditi
1183 607 1300 666 custo·'

246 719 318 794 des,
339 729 369 779 et
388 717 454 799 lege
475 717 569 798 Papia
591 715 731 796 Poppaea
756 716 898 796 praemiis
919 713 1046 790 inducti,
1068 721 1115 789 ut,
1137 713 1160 773 si
1182 735 1200 772 a
1221 715 1287 794 pri·

232 822 362 906 ¹vilegiis
383 835 544 904 parentum
563 834 751 893 cessaretur,
777 820 859 882 velut
888 842 999 902 parens
1031 822 1168 880 omnium
1190 842 1285 902 popu·

247 930 294 992 lus
319 929 456 990 vacantia
478 941 604 994 teneret.
634 930 694 992 Sed
712 931 801 1006 altius
821 929 1030 1012 penetrabant,
1060 923 1232 1008 urbemque
1251 917 1319 1010 veti
1399 919 1400 988 l

234 1020 387 1115 *ltallam,
412 1047 442 1098 et
464 1037 546 1118 quod
578 1059 704 1119 usquam
740 1038 879 1110 civium,
914 1035 1125 1116 corripuerant
1136 1055 1148 1110 3·
1174 1034 1287 1094 multo-

245 1163 372 1223 rumque
404 1141 494 1202 cxcisi
527 1152 632 1208 status.
676 1142 716 1201 Et
749 1153 846 1202 terror
879 1140 1019 1200 omnibus
1055 1141 1282 1218 intentabatur,

243 1250 275 1311 ni
296 1223 438 1310 Tiberius
459 1249 617 1310 statuendo
640 1249 772 1308 remedio
793 1249 927 1330 quinque
950 1246 1167 1319 consularium,
1193 1251 1287 1330 quin-

241 1378 304 1440 que
323 1378 340 1418 e
362 1359 538 1436 praetoriis,
561 1357 687 1416 totidem
709 1378 725 1416 e
749 1368 849 1416 cetero
885 1367 992 1416 senatu
1021 1366 1101 1416 sorte
1132 1357 1285 1436 duxisset,

160 1538 163 1544 r
245 1465 328 1546 apud
352 1486 428 1546 quos
450 1464 576 1524 exsoluti
597 1463 733 1546 plerique
752 1463 827 1546 legis
850 1485 941 1524 nexus
964 1461 1115 1524 modicum
1152 1466 1182 1523 in
1201 1487 1291 1547 prae·
1309 1478 1339 1546 ¹0

245 1593 312 1632 sens
331 1571 537 1632 levamentum
558 1572 656 1631 fuere.
1175 1635 1178 1640 ¹
1362 1565 1364 1570 ’

227 1719 247 1752 χ
326 1681 387 1742 Per
410 1679 491 1740 idem
510 1661 631 1760 tempus
662 1677 811 1738 Neronem
835 1699 851 1737 e
874 1676 978 1738 liberis
999 1677 1189 1756 Germanici,
1225 1677 1336 1758 iamfflss

245 1791 415 1872 ingressum
438 1787 609 1862 iuventam,
635 1786 857 1846 commendavit
872 1786 1029 1866 patribus,
1053 1794 1147 1866 utque
1161 1805 1289 1846 munere

168 1968 174 1974 q
244 1893 414 1977 capessendi
429 1894 650 1976 vigintiviratus
661 1889 847 1968 solveretur,
868 1900 898 1950 et
912 1891 1121 1971 quinquennio
1140 1895 1288 1958 maturius

246 2024 337 2086 quam
358 2023 413 2083 per
435 2000 513 2083 leges
535 2009 731 2081 quaesturam
755 2007 892 2077 peteret,
916 2018 976 2075 pon
999 2000 1063 2060 sine
1084 1973 1182 2059 irrisu*
1197 2001 1286 2060 audi·
1306 2003 1336 2065 15

246 2112 363 2175 entium
383 2108 563 2190 postulavit.
586 2105 819 2176 Praetendebat‚
842 2105 898 2164 sibi
929 2116 1022 2188 atque
1051 2109 1141 2169 fratri
1168 2108 1289 2168 decreta
1316 2185 1317 2192 ἵ

210 2222 214 2233 ¹
247 2217 362 2288 eadem
373 2225 496 2298 petente
519 2215 669 2296 Augusto.
712 2213 772 2272 Sed
795 2233 894 2294 neque
919 2227 983 2274 tum
1016 2215 1290 2282 fnissedubitavee
1347 2267 1351 2272 ,

248 2327 309 2388 rim
333 2323 386 2406 qui
409 2321 558 2384 eiusmodi
575 2341 675 2404 preces
697 2318 807 2380 occulti
829 2319 1009 2400 illuderent,-
1031 2345 1065 2384 ac
1082 2335 1182 2387 tamen
1205 2323 1306 2384 initia¹

396 2413 399 2437 ,
576 2410 578 2416 .
1089 2413 1094 2424 .

267 2500 535 2514 mun-...munn—

258 2608 263 2626 ¹
335 2611 359 2664 3.
381 2610 432 2662 visi
451 2607 495 2660 M:
514 2618 544 2658 ut
561 2607 587 2656 si
606 2605 722 2674 Lipsius.

320 2707 359 2763 13.
377 2718 459 2778 utque
472 2719 581 2753 munere
593 2701 754 2772 capessendi
767 2699 975 2772 vigintiviratus
986 2706 1150 2765 solveretur,
1164 2713 1189 2756 ct
1204 2707 1290 2774 quin·

255 2803 379 2874 qucunio
390 2781 529 2852 maturius
549 2815 630 2873 quam
642 2816 694 2866 per
706 2799 776 2868 leges
790 2810 966 2870 quaesturam
978 2797 1092 2869 peteret]
1113 2798 1291 2850 Animadver-

240 2900 288 2948 ‘tas
307 2897 386 2946 velim
407 2912 440 2946 es
457 2893 509 2944 hoc
527 2893 588 2952 loco
610 2894 809 2961 vigintiviratus
839 2893 873 2943 ab
907 2896 1026 2962 Augusto
1055 2893 1175 2943 instituti
1200 2893 1290 2944 admi-

247 2993 437 3043 nistrationem
456 2988 491 3041 sd
509 2987 620 3038 altiores
637 2990 807 3053 magistratus
827 2988 1021 3058 adipiscendos
1034 2983 1088 3038 taio
1108 2991 1289 3040 ncccssariam

251 3084 354 3146 fuisse,
375 3089 405 3134 ut
422 3079 535 3148 Augusti
557 3079 674 3149 privigni
697 3081 798 3130 Drusus
820 3098 851 3130 ac
871 3081 1014 3144 Tiberius,
1035 3084 1196 3153 'liberiique
1214 3087 1291 3153 prin-

250 3181 318 3248 cipis
332 3195 416 3245 napos
437 3178 507 3226 Nero
527 3191 559 3224 eo
579 3191 691 3225 muuere
713 3173 870 3240 postulante
893 3180 1019 3248 principe
1038 3195 1052 3228 a
1074 3187 1174 3232 senatuv
1198 3182 1290 3232 solve-

251 3280 354 3328 rentur.
373 3271 478 3322 Privato
499 3271 596 3338 igitur,
615 3270 668 3319 nisi
683 3277 745 3320 ante
765 3269 904 3336 vigintivir
930 3268 1015 3320 sactus
1044 3278 1131 3333 essct,
1150 3291 1290 3342 capessere

251 3373 424 3437 quaesturam
444 3363 604 3432 non-licuit.
643 3361 707 3428 Qua*
725 3361 856 3427 depensa
876 3361 1022 3422 'l'acitum‚
1053 3364 1099 3432 qui
1129 3366 1289 3432 (lignitatem

252 3475 360 3512 suama
387 3458 555 3526 Vespasiano
583 3455 738 3507 inchoatam
771 3456 867 3506 scribit
893 3457 1007 3524 (illator.
1034 3458 1062 3520 1,
1083 3459 1132 3530 r),
1151 3434 1201 3512 suti
1229 3465 1289 3513 eius

252 3558 405 3628 principatu
423 3571 505 3605 unum
526 3571 560 3603 ex
581 3552 744 3619 vigintiviris
766 3551 850 3602 fuisse
870 3555 976 3622 colligo.

329 3656 371 3707 15.
391 3654 581 3724 quaesituram
603 3650 639 3700 Μ.

327 3748 357 3800 18
385 3762 419 3797 aa
450 3755 539 3795 tumen
568 3743 655 3792 initia
676 3767 708 3776 —
730 3737 878 3790 adversum
913 3740 1043 3813 stepotem]
1094 3741 1121 3793 Si
1153 3743 1289 3810 Augustus

252 3845 379 3910 princeps
400 3855 413 3886 a
441 3845 537 3886 senatu
564 3832 674 3904 petebat
693 3849 762 3904 quae
787 3834 880 3901 negari
904 3851 959 3887 nou
990 3847 1130 3905 poterant,
1154 3837 1288 3890 irridendi

221 3983 223 3988 .
254 3952 331 3988 causa
350 3950 403 3984 non
425 3939 478 3980 tam
498 3930 568 4002 ius-ta
589 3935 663 3990 erat,
689 3910 769 3996 quain
797 3945 855 3979 cum
886 3929 1014 3983 ttbcrtus
1037 3913 1109 3986 item
1129 3913 1303 4003 coeptabat:¹
