2826 4730
237 317 333 382 ran·
529 277 532 286 “
664 309 887 375 suranna

83 499 111 569 (ι
133 501 162 554 c.
180 501 309 574 anditum
341 496 470 575 diretrm,
507 493 644 558 funditus
663 493 787 558 amissas
808 493 926 558 nobiles
946 493 1074 558 familias
1094 504 1266 556 constanter

13 579 14 596 i
225 605 343 672 tulerit.
384 605 542 686 Principes
565 601 731 692 mortales,
758 602 993 685 rempublicam
1013 613 1169 664 aeternam
1192 625 1265 666 esse.

212 709 322 778 *Proin
344 722 520 794 repeterent
547 711 702 785 solennia,
736 722 768 772 et
795 713 866 794 qnia
900 707 1042 774 ludorum
1071 711 1266 796 Megalesium

226 821 431 905 spectaculum
453 821 595 900 suberat,
616 823 707 882 etiarn
730 817 901 902 voluptates
922 830 1121 882 resumerent.

296 947 388 1044 ,Tam
423 971 513 1022 exuto
541 959 656 1021 iustitio
683 957 839 1050 redditum
865 959 907 1018 ad
935 959 1058 1038 munia,
1089 969 1121 1021 et
1150 951 1288 1030 Drusus'i

227 1070 366 1152 Illyricos
386 1069 425 1129 ad
446 1070 592 1128 exercitus·
612 1065 832 1157 ‘profectus'est
859 1068 966 1128 erectis
996 1071 1132 1128 omnium
1160 1069 1267 1129 animis

223 1177 374 1260 petendae
391 1197 409 1238 e
431 1177 543 1236 Pisone
563 1175 709 1250 ultionis,
748 1185 778 1236 et
798 1175 907 1236 crebro
928 1189 1038 1258 questu
1062 1179 1145 1258 quod
1174 1198 1266 1259 vagus

226 1288 347 1346 interim
370 1306 427 1366 per
449 1306 578 1345 amoena
615 1284 708 1345 Asiae
751 1294 843 1366 atque
875 1281 1010 1346 Achaiae
1046 1285 1206 1367 adroganti
1237 1294 1267 1345 et

224 1394 354 1457 subdola
375 1411 459 1450 mora
479 1390 627 1468 saelorum
651 1389 849 1472 probationes
871 1391 1070 1456 subverteret.
1093 1393 1172 1452 Nam
1196 1392 1266 1454 vui.

225 1512 331 1585 gutum
358 1478 425 1563 erat
458 1503 600 1578 missam,
639 1509 673 1558 nt
702 1498 825 1578 disi‚a
850 1502 957 1561 Gnaeo
984 1501 1090 1562 Sentio
1120 1502 1265 1562 famosam
1286 1515 1318 1556 tn

224 1590 377 1672 veneficiis
395 1608 562 1670 Martinam
583 1607 686 1668 subita·
704 1617 802 1666 morte
815 1607 969 1668 Brundisii
989 1608 1188 1689 exstinctam,
1212 1629 1266 1670 ve-

223 1738 399 1800 nenumque
415 1715 496 1777 nodo
515 1715 649 1776 erinium
669 1715 734 1776 eius
756 1713 964 1798 occultatum,
985 1735 1042 1776 nee
1054 1714 1125 1776 -ulla
1139 1717 1173 1777 in
1194 1739 1267 1778 eor·

223 1847 300 1909 pore
320 1827 406 1907 signa
428 1825 540 1906 sumpti
565 1823 648 1883 exitii
680 1833 810 1904 reperta.
863 1821 908 1884 At
937 1825 1008 1886 Piso
1038 1830 1204 1907 praemisso
1232 1822 1291 1901 in8

223 1935 330 1995 urbem
354 1933 439 2010 filio,
460 1933 599 2013 datisque
622 1931 772 1991 mandatis
793 1949 849 2012 per
886 1953 964 2012 quae
989 1933 1172 2015 principem'
1187 1934 1265 1998 mol·

223 2041 311 2112 first,
335 2035 375 2098 ad
398 2039 529 2100 Drusum
553 2037 676 2118 pergit3
698 2057 790 2118 quem
809 2035 891 2096 haud
913 2037 1017 2100 fratris
1048 2043 1177 2103 interitu
1197 2042 1263 2104 tru³-
1286 2039 1318 2106 15
1398 2021 1399 2036 i

174 2182 180 2196 s
223 2165 402 2228 remquam
431 2151 552 2204 remoto
582 2139 701 2200 aemulo
728 2143 902 2223 aequiorem
932 2145 989 2205 sibi
1013 2145 1166 2227 sperabat.
1211 2150 1266 2210 Ti·

223 2257 325 2318 berius
345 2273 406 2334 quo
427 2253 579 2330 integrum
600 2248 747 2310 iudicium
768 2261 958 2330 ostentaret,
992 2267 1146 2336 exceptum
1168 2257 1265 2318 comi·

222 2375 272 2425 ter
291 2365 434 2422 iuvenem
454 2370 538 2419 sueta
561 2342 632 2440 erga
660 2355 738 2418 filins
772 2357 957 2420 famssiarum
985 2363 1100 2424 nobiles
1124 2352 1269 2426 liberali-¹

222 2481 285 2533 tate
306 2478 403 2552 auget.
446 2466 565 2525 Drusus
587 2460 692 2524 Pisoni
703 2504 717 2542 ,l
734 2465 759 2524 si
780 2484 853 2526 vera
866 2465 966 2528 forent
989 2489 1067 2550 quae
1079 2471 1266 2548 iacerentur,

223 2581 426 2663 praecipuum
451 2577 483 2634 in
504 2569 611 2632 dolore
631 2593 720 2632 suum
748 2571 848 2633 locum
878 2577 1057 2658 respondit,
1083 2578 1135 2639 sed
1171 2579 1264 2660 maile
1280 2605 1318 2648 20
1397 2604 1398 2639 r

223 2686 298 2750 falsa
309 2699 338 2748 et
354 2687 456 2746 inania
468 2703 525 2742 nec
542 2681 683 2762 cuiquam
693 2691 821 2742 mortem
835 2684 1009 2744 Germanici
1023 2685 1177 2746 exitiosam
1188 2711 1265 2757 esse.

226 2797 309 2860 Haec
331 2796 432 2878 palam
456 2785 493 2852 et
525 2792 619 2889 uitato
643 2791 726 2850 omni
756 2801 897 2870 secret03
916 2813 1023 2876 ‘neque
1041 2793 1267 2858 dubitabantur

313 3197 336 3248 7.
353 3177 488 3250 petendae
506 3195 520 3232 e
540 3177 638 3230 Pisone
657 3173 784 3249 ultiouis]
804 3195 849 3248 spe
869 3185 932 3231 ante
951 3181 1086 3252 petendae
1109 3197 1160 3233 ruo
1186 3187 1266 3240 iudi«

225 3279 267 3330 cio
287 3277 390 3328 adiecit
409 3273 633 3337 Freinshemius,
653 3273 813 3326 sedendam
832 3274 884 3326 hoo
902 3276 962 3328 loco
980 3285 1022 3329 est
1036 3281 1178 3332 notionum
1199 3301 1265 3351 per.

154 3407 155 3412 =
226 3371 1264 3448 mwmwmmmsssspmmanMmfflmmwm

225 3465 1264 3535 hmmmmammhstmfimmemmstmMAmmmmmmamfflmwncm

226 3556 1265 3630 mmmmmwwmQffifflmfflmH‚Qffmmmm

225 3658 334 3707 tinetur.
372 3657 412 3708 Ad
432 3657 543 3725 eitipsin
574 3656 646 3706 barud
671 3652 882 3722 confugiendum
908 3662 958 3706 est.
1006 3657 1080 3708 Finis
1107 3659 1183 3710 notin
1214 3679 1266 3712 ex·

224 3767 317 3820 pressa
336 3761 377 3803 est
403 3753 509 3804 adiecto
538 3750 684 3819 participio
714 3751 742 3800 iu
762 3740 842 3802 'istius
871 3726 1032 3814 desinente,
1058 3769 1092 3804 'ae
1115 3763 1264 3822 propterea

226 3849 484 3900 haeeconstruernti
503 3850 658 3898 venistine
678 3847 726 3901 illo
745 3852 890 3920 participio
910 3849 1019 3903 admitti
1036 3855 1142 3924 nequit.
1177 3852 1264 3908 Cous.

226 3944 273 4006 ΙΙΙ,
290 3961 315 4012 9.
336 3961 375 4014 η.
396 3945 437 4012 4¹·
457 3944 535 4005 xlii,
560 3962 598 4000 tr.
