2826 4730
738 189 740 191 ,
827 197 830 208 ,
937 157 1035 198 κ..

227 265 340 338 tta„
415 297 418 306 ,
649 259 863 322 ANNALIUM

76 443 298 536 (acerve-,une
342 444 386 506 Ut
407 432 536 528 quisque
556 443 680 520 obvius,
703 443 843 524 quamvis
864 446 970 507 leviter
995 445 1098 507 audita
1120 447 1158 508 in⁴
1173 445 1263 524 alios„

218 564 311 634 atque
331 551 374 611 illi
397 555 427 612 in
448 553 551 635 plures
576 553 730 614 cumulata
752 554 862 634 gaudio
890 553 1084 620 transierunt.
1127 554 1260 614 Cursant

218 683 273 742 per
294 659 416 734 urbem,
439 660 607 723 moliuntur
635 659 821 742 templorum
849 661 940 724 fores.
985 655 1065 722 Iuvit
1090 661 1257 722 credulita-

218 781 279 830 tem
300 791 357 830 uox
379 781 410 830 et
430 773 599 852 promptior
621 773 701 830 inter
719 769 860 830 tenebras
896 767 1068 832 affirmatio.
1111 769 1172 830 Nec
1199 770 1259 829 ob-

218 880 294 940 stitit
315 877 394 938 falsis
414 879 572 952 Tiberius,
596 878 692 940 donec
713 871 904 964 temporanee
928 875 1254 960 spatio-uan‘eseercnt'.
1272 880 1289 940 5

169 1057 177 1070 x
217 988 257 1048 Et
278 985 411 1068 populus,
432 987 518 1066 quasi
539 995 820 1066 rursulrlereptum
839 979 939 1047 acrius
952 984 1061 1066 doluit.
1107 976 1313 1060 Honores‚83

217 1106 254 1156 ut
273 1097 340 1177 quis
361 1117 464 1155 amore
483 1097 513 1156 in
532 1099 748 1175 Germanicum
769 1106 822 1155 aut
843 1098 966 1178 ingenio
981 1094 1121 1199 validps,
1143 1097 1256 1174 reperti

213 1205 410 1285 decretique:
440 1215 474 1263 ut
504 1201 634 1262 nomen*
657 1203 725 1262 eius.
757 1201 877 1265 Saliari·
901 1205 1037 1262 carmine
1073 1213 1261 1276 caneretur3

217 1314 301 1374 sedes
322 1309 442 1372 curules
466 1309 659 1371 sacerdotum
687 1311 897 1392 Augustalium
920 1309 1011 1386 locis,
1034 1331 1187 1399 superque
1207 1331 1257 1370 eas
1401 1304 1403 1347 l

200 1441 369 1505 querceae-
402 1441 534 1480 coronae
574 1427 801 1494 statuerentur3
840 1417 928 1478 ludos
958 1421 1109 1496 circenses,
1138 1419 1254 1478 eburna
1282 1445 1313 1483 ru

217 1529 330 1612 effigies
351 1533 506 1610 praeiret3
538 1551 614 1592 neve
643 1529 710 1611 quis
745 1526 854 1588 llamen
885 1528 938 1588 arit
966 1549 1062 1610 augur
1093 1529 1124 1590 in
1156 1529 1256 1588 lucum

217 1639 409 1714 Germanici,
438 1639 495 1700 nisi
525 1641 621 1722 gentis
657 1638 775 1714 Iuliae,
801 1647 974 1698 crearetur.
1029 1637 1130 1698 Arcus
1161 1637 1261 1697 additi-
1289 1633 1291 1644 '

133 1818 138 1834 .
216 1746 331 1806 Romae
352 1756 382 1807 et
402 1745 483 1826 apud
506 1747 602 1826 ripam
626 1745 737 1816 Rheni,
763 1755 793 1804 et
813 1747 849 1804 in
869 1755 975 1806 monte
995 1743 1256 1820 Suriae·Aman0,

186 1858 191 1866 “
216 1875 288 1916 eum
307 1856 503 1937 inscriptione
525 1875 628 1916 rerum
652 1865 802 1938 gestarum
823 1877 858 1916 ac
880 1865 1008 1914 mortem
1030 1855 1069 1915 oh
1093 1875 1160 1914 rem.
1178 1855 1256 1934 puh-

218 1962 306 2023 licam
327 1960 436 2024 obisse.
479 1961 660 2043 Sepulcrum
684 1961 881 2034 Antiochiae,
916 1961 968 2020 ubi
1000 1969 1170 2038 crematus,
1195 1963 1253 2020 tri·
1281 1968 1318 2032 15

217 2067 312 2128 huual
334 2069 551 2149 Epidaphnae,
574 2071 687 2150 quoin
709 2065 777 2126 loco
800 2067 893 2129 vitant
918 2067 1048 2134 linierat.
1078 2067 1259 2127 Statuerum

132 2171 137 2181 ”
218 2175 413 2251 locorumve,
435 2179 467 2235 in
489 2178 557 2256 quis
578 2174 767 2250 colerentur,
789 2173 870 2232 haud
894 2171 981 2236 facile
1004 2175 1076 2253 quis
1093 2195 1257 2236 numerum

218 2284 331 2350 inierit.
375 2286 454 2345 Cum
471 2297 647 2346 censeretur
664 2281 776 2362 clipeus
808 2305 882 2342 auro
914 2295 943 2343 ct
972 2285 1180 2364 magnitudine
1209 2284 1258 2344 iu-

218 2393 311 2472 signis
332 2393 413 2451 inter
435 2402 572 2450 auctores
596 2379 803 2469 eloquentiae,
834 2391 1022 2451 asseveravit·
1044 2389 1186 2449 Tiberius
1207 2412 1255 2449 so-

217 2500 305 2560 litum
326 2522 492 2584 paremque
522 2501 631 2560 ceteris
664 2498 854 2558 dicaturum:
880 2519 980 2580 neque
1009 2499 1089 2558 enim
1110 2477 1254 2580 eloqueu-
1276 2531 1317 2568 w
1379 2475 1384 2492 Δ

217 2608 292 2669 tiam
322 2608 448 2669 fortuna
477 2607 628 2684 discerni,
659 2617 688 2666 et
721 2609 791 2667 satis
814 2605 955 2684 illustre,
987 2607 1012 2666 si
1033 2617 1147 2668 veteres
1179 2608 1257 2668 inter

164 2797 166 2800 .
215 2701 377 2800 scriptores
408 2717 590 2784 haberetur,
628 2714 780 2796 Equester
808 2714 888 2774 ordo
920 2735 1052 2774 cuneum
1082 2715 1256 2774 Germanici

198 2826 398 2910 appellavit,
422 2825 474 2904 qui
498 2820 655 2880 iuniorum
675 2819 848 2899 dicebatur,
870 2819 1079 2900 instituitque,
1110 2821 1156 2878 uti
1188 2831 1256 2879 tur-

168 2907 173 2928 (
205 2931 413 2992 'mae‘idibus
450 2925 535 2986 iuliis
565 2927 727 3008 imaginem
755 2923 832 2987 eius
849 2934 1058 3008 sequerentur.
1104 2923 1261 3006 Pleraque-

215 3047 363 3098 mauent:
386 3033 535 3115 quaedam
552 3036 653 3094 statim
670 3035 780 3094 omissa
805 3045 887 3110 suut,
908 3043 959 3092 aut
982 3043 1116 3093 vetustas
1128 3033 1249 3092 oblitte-
1275 3043 1311 3101 25

108 3145 142 3210 ’,
172 3197 175 3202 ,
216 3148 307 3206 ravit.
351 3145 496 3204 Ceterum
517 3141 633 3202 recenti
660 3142 758 3229 adhuc
789 3143 937 3204 maestitia
965 3163 1049 3202 soror
1082 3137 1307 3219 Germanicigq

215 3254 322 3330 Livia,
345 3262 440 3334 surpta
462 3253 584 3329 Druso,
626 3250 702 3339 dnos
732 3249 825 3312 virilis
851 3271 936 3310 sexus
972 3244 1176 3315 simulenixa
1200 3261 1257 3320 cst,

214 3377 282 3387 ...,...,
418 3375 487 3382 ..-...

301 3432 327 3483 3.
345 3421 489 3494 temptores
499 3409 591 3495 flores
609 3420 657 3492 M,
678 3424 794 3476 currerit
813 3420 970 3475 Beroaldus.

305 3527 329 3579 5,
351 3521 422 3593 falsi
442 3519 486 3573 M:
499 3521 592 3594 falsis.
608 3519 766 3576 Beroaldus.

288 3617 327 3670 lb·
348 3616 450 3686 clipeos
468 3615 505 3673 Μ,
521 3611 524 3619 ’
679 3625 683 3631 ’·

262 3694 328 3782 ΙΙ19.
344 3711 487 3767 adseravit
504 3713 552 3765 M:
573 3711 746 3763 adseveravit
765 3709 816 3760 lac.
837 3707 1015 3778 Gronovius

284 3825 324 3875 27.
345 3811 446 3883 virilis]
467 3812 566 3863 viriles
583 3810 603 3857 Ι.
624 3805 776 3858 Gronovius
796 3807 824 3855 in
848 3804 973 3859 Mcdiceo
993 3802 1100 3854 invenit
1112 3839 1119 3865 ‚
1138 3799 1186 3853 secl
1211 3802 1254 3858 ni-

216 3900 257 3954 hil
279 3903 342 3962 iude
362 3906 482 3984 enotavit
504 3904 593 3955 Furia.
