2862 4726
429 335 505 397 ιιΒ.
530 335 589 430 ιιι
628 332 714 396 CAP.
741 339 870 418 ιιι-13.
1105 336 1165 406 245

125 517 296 579 eonsulttnn
332 516 562 599 posttdaverat'3
594 541 656 602 quo
676 539 732 602 per
763 518 1078 592 discessionemtacto
1101 521 1161 579 mi·
1171 524 1201 594 (ι
1214 523 1243 574 C.
1254 523 1310 592 ta.)

125 629 162 688 sit
182 627 298 688 litteras
320 626 455 708 Caesar,
490 627 609 688 modice
642 627 800 688 tribunum
829 627 994 708 increpans
1027 625 1169 710 ignarum

114 736 242 818 'antiqui
263 735 357 794 moris
379 733 420 796 ob
443 736 608 796 iuventam.
628 731 720 796 Gallo
744 732 952 815 exprobrabat
972 733 1056 816 quod
1076 738 1168 796 scien·

124 843 183 904 tiae
203 841 520 924 caerimoniarumque
543 853 629 902 vetus
650 845 766 902 incerto
789 852 931 921 stratore,
954 853 1025 903 ante
1038 855 1167 906 senten-

90 947 195 1010 5tiam
220 949 351 1032 collegii,
372 971 446 1028 non,
469 961 504 1012 ut
525 949 651 1027 assolet,
676 949 755 1010 lecto
775 972 832 1032 per
854 949 1012 1031 magistros
1028 951 1169 1012 aestima-

124 1066 217 1140 toque
238 1035 503 1140 carminesapud
529 1040 756 1141 infrequentem
787 1070 928 1119 senatum
962 1059 1079 1138 egisset.
1120 1050 1169 1118 Si·
1247 1037 1250 1042 ¹

124 1165 188 1226 mul
208 1166 462 1244 commonefecit3
483 1166 555 1250 quia
578 1166 674 1227 multa
707 1187 789 1227 vana
805 1166 876 1227 'sub
906 1167 1029 1226 nomine
1057 1165 1172 1228 celebri

18 1287 20 1294 “
124 1263 350 1357 uolgabautur,
382 1275 512 1336 sanxisse
544 1275 740 1358 Augustum,
774 1297 865 1358 quem
903 1276 984 1335 iutra
1016 1274 1097 1334 diem
1130 1275 1169 1335 ad

30 1383 39 1392 “
120 1392 297 1462 praetorem
317 1381 473 1448 urbanum
492 1382 690 1446 deferrentur
710 1403 811 1463 neque
830 1381 947 1442 habere
967 1381 1113 1464 privatim
1131 1381 1168 1442 li·

75 1501 112 1544 ιο
127 1500 220 1550 neret.
263 1488 357 1566 Quod
377 1510 395 1549 a
413 1488 583 1548 maioribus
603 1507 726 1573 quoqne
747 1488 909 1548 decretum
931 1499 996 1548 erat
1027 1500 1094 1569 post
1118 1511 1168 1549 ex·
1209 1529 1215 1537 ·

122 1607 223 1656 uatum
244 1595 350 1658 sociali
372 1595 454 1658 bello
476 1597 675 1678 Capitolium,
709 1597 853 1678 quaesitis
889 1598 980 1680 Samo
1012 1597 1068 1657 llio
1089 1599 1170 1680 Ery-

121 1705 229 1782 thais,
250 1725 308 1786 per
328 1706 468 1766 Africam
489 1706 582 1765 etiam
603 1727 638 1764 ae
659 1702 793 1764 Siciliam
824 1715 854 1764 et
877 1705 998 1765 ltalicas
1019 1705 1171 1778 colonias,

123 1814 315 1874 carminibus
329 1813 478 1890 Sibullae,
500 1812 560 1873 una
576 1834 628 1874 seu
645 1812 751 1894 plures
764 1813 859 1893 suere,
874 1814 1006 1896 datoque
1026 1815 1171 1877 sacerdo-

123 1923 376 2006 tibus‘aegotio',
398 1933 548 2006 quantum
570 1901 706 1984 humana
728 1946 787 2005 ope
811 1929 989 2006 potuissent,
1013 1945 1085 1984 vera
1109 1925 1170 1985 dis-

70 2032 106 2095 15
129 2047 268 2088 cernere.
310 2027 406 2106 Igitur
433 2037 508 2088 tune
539 2047 661 2110 quoque
686 2030 810 2094 notioni
837 2021 1115 2112 quindecimvirum
1145 2036 1171 2094 is

124 2131 208 2213 liber
228 2132 398 2195 subiicitur.

51 2250 121 2331 ‘13
207 2241 306 2304 Isdem
326 2241 505 2304 consulibua
526 2245 678 2326 gravitate
711 2259 852 2306 annonae
874 2249 955 2310 iaxta
989 2223 1169 2312 seditionem

124 2359 271 2436 vanuum
293 2347 468 2432 multaque,
491 2359 522 2410 et
543 2349 648 2432 plures
670 2373 725 2434 per
746 2351 829 2431 dies,
859 2354 890 2412 iu
921 2353 1043 2414 theatro
1074 2353 1169 2416 liceu-

124 2459 184 2520 tius
197 2459 376 2540 efflagitata,
399 2479 491 2538 quam
514 2458 636 2519 solitum
652 2459 818 2520 adversum
832 2459 1061 2542 imperatorem.
1095 2463 1170 2541 Quis

72 2591 113 2632 ω’
127 2573 300 2625 commotus
323 2567 476 2626 incusavit
497 2567 691 2646 magistratus
711 2575 873 2645 patresque
890 2568 972 2648 quod
1003 2591 1065 2630 nori
1090 2547 1170 2652 pub·

124 2671 182 2734 lica
203 2673 386 2760 auctoritate
406 2671 552 2754 populum
576 2673 795 2752 coercuissene
822 2673 1002 2757 addiditque
1018 2659 1131 2759 quibus
1152 2703 1171 2742 c

123 2780 313 2861 provinciis,
341 2789 377 2842 'et
398 2789 517 2862 quantu
545 2782 693 2841 maiorem
723 2801 815 2862 qnam
838 2781 998 2861 Augustus
1034 2787 1080 2846 rei
1110 2787 1169 2847 sru-

126 2887 293 2950 mentariae
316 2885 642 2969 copiamaclvectaret.
688 2877 733 2950 lla
755 2887 948 2970 castigandae
976 2891 1058 2972 plebi
1084 2907 1180 2954 eorm*

124 2997 257 3078 positum
275 2993 594 3074 senatusconsultum
617 2995 718 3078 prisea
731 2995 906 3074 severitate,
927 3015 1027 3079 neque
1048 3005 1169 3086 segnius
1188 2973 1191 2986 .

199 3237 238 3275 ιι.
256 3219 361 3274 sociali
381 3215 465 3291 bello]
487 3217 618 3270 lucendio
639 3218 749 3271 incertis
768 3221 856 3273 causis
869 3227 929 3273 orto
942 3220 1115 3290 absumptum
1128 3228 1170 3274 est

126 3314 297 3384 Capitolium
315 3331 388 3366 anun
406 3317 467 3382 670.
485 3329 508 3363 a.
528 3331 555 3364 u.
574 3315 659 3388 quero
681 3314 809 3383 Scipione
821 3323 849 3366 et
868 3303 938 3368 Gaio
956 3317 1086 3372 Norbano
1105 3331 1171 3367 eon-

126 3411 251 3474 sulibus,
269 3427 330 3466 eum
353 3409 429 3462 Sulla
451 3401 525 3458 bello
547 3408 736 3462 Mithridatico
756 3411 880 3462 confecto
900 3411 930 3462 in
954 3412 1061 3464 Italiam
1084 3409 1170 3464 redux

123 3514 214 3575 partes
227 3505 365 3556 Marianas
382 3513 559 3572 oppugnaret.
583 3501 718 3557 Adversus
730 3503 835 3557 Sullam
853 3505 983 3556 acerrime
996 3507 1170 3576 pugnabatur

126 3619 142 3652 a
160 3599 332 3652 Samnitibus
359 3598 476 3670 aliisque
495 3599 591 3649 ltaliae
610 3600 730 3668 populis,
748 3619 780 3652 ao
802 3607 944 3670 propterea
964 3600 1034 3651 illud
1053 3600 1171 3667 bellum,

126 3715 181 3747 uon
203 3693 315 3765 quidem
336 3691 437 3762 vulgari
457 3692 657 3762 significatione
687 3695 742 3747 setl‘
760 3711 844 3762 nova,
874 3687 977 3749 sociale
1004 3701 1094 3766 potuit
1122 3714 1171 3763 ap-

128 3787 235 3854 pellari.
271 3785 363 3836 Placet
386 3791 477 3836 tamen
497 3787 584 3854 Lipsii
611 3788 768 3840 coniectura
797 3790 880 3841 civili
906 3789 954 3857 'pro
981 3789 1089 3842 sociali.
1125 3787 1166 3841 Cl.

72 3861 87 3906 l
129 3882 229 3934 ilistor.
250 3859 303 3943 til,
323 3900 365 3951 pa.
406 3887 520 3936 Aruerat
543 3895 567 3936 et
594 3895 658 3935 aitte
685 3883 852 3952 Capitolium
880 3888 957 3940 ciuili
982 3888 1061 3941 belle.
1101 3900 1167 3949 err-
1246 3869 1250 3876 ”

126 3974 250 4043 rryetnys
270 3975 309 4029 M.
798 3980 807 3986 “
