2900 4706
411 367 414 378 ,
481 315 651 382 mum.
695 293 938 404 canna-'en
976 309 1049 408 .·‘
1138 309 1198 378 tsi

112 575 116 583 ἱ
176 519 233 560 sen
258 484 524 560 meliussneietate
542 500 695 574 Romane,
717 517 807 579 quam
840 495 958 558 domnis
986 495 1098 558 mutuis
1118 495 1200 578 genti
1216 481 1348 555 (ΝΜ)
1441 503 1442 510 ’

176 611 364 672 Parthorum
383 610 603 672 consulturum.
645 613 739 688 Scire,
763 622 910 692 quantum
936 612 1016 672 intus
1035 607 1200 674 discordia·
1282 600 1285 609 ’

174 741 265 798 rum,
286 720 436 803 quamque
456 721 615 783 indomitas
635 732 666 784 et
691 721 881 803 praeferoces
912 720 1048 782 notiones
1074 728 1199 802 regeret.

175 831 289 893 Contra
314 831 487 913 imperatori
510 852 565 891 suo
586 833 740 892 immotam
772 831 886 912 ubique
908 851 1014 913 paoem
1042 842 1073 892 et
1105 843 1202 890 unum

137 926 205 997 trid
230 937 345 1000 bellum
371 959 444 1000 esse.
487 939 583 1000 Simul
603 937 728 1002 oonsilio
749 927 899 1022 terrorem
923 939 1070 1018 adiicere,
1092 950 1122 1001 et
1131 959 1203 1000 me·

30 1021 38 1034 .
173 1047 304 1126 gistenns
332 1050 509 1139 Armenios,
542 1050 594 1130 qui
616 1049 706 1129 primi
737 1071 754 1110 a
782 1049 870 1110 nobis
896 1045 1085 1125 defecerant,
1119 1045 1205 1129 pellit
1259 1043 1262 1050 ’

172 1156 311 1232 sedibus,
332 1158 453 1220 castella
474 1180 577 1221 eorum
596 1161 763 1239 exscindit,
785 1163 873 1243 plana
894 1161 993 1234 edita,
1013 1155 1128 1220 validos
1153 1159 1205 1218 in·
1273 1157 1286 1195 '³

115 1239 351 1346 ngalidosque
373 1269 439 1347 pari
460 1279 541 1328 metu
569 1272 710 1350 complet.
760 1269 829 1330 Non
864 1269 1012 1332 infensum
1047 1290 1104 1332 nee
1119 1285 1122 1291 ¹
1135 1291 1205 1334 eum

176 1372 279 1434 hostili
301 1371 375 1433 odio
397 1374 583 1437 Corbulonis
605 1397 715 1437 nomen
732 1378 822 1437 etism
849 1375 990 1438 barbaris
1016 1377 1205 1462 habebatur,
1257 1445 1259 1451 ,

123 1481 159 1522 ¹⁰
177 1503 277 1562 eoque
297 1481 458 1544 consillum
491 1485 556 1545 eius
586 1483 679 1546 lidum
714 1485 886 1546 credebant.
934 1485 1016 1566 Ergo
1044 1485 1208 1568 Vologeses

170 1609 273 1670 neque
300 1601 383 1652 atrox
404 1594 438 1658 in
459 1562 619 1669 summam,
642 1605 672 1653 et
691 1593 874 1677 quibusdam
897 1594 1095 1675 praefecturis
1115 1595 1217 1656 indu?

172 1706 228 1764 tias
250 1707 334 1786 petit.
358 1705 510 1767 Tiridates
532 1705 630 1765 locum
652 1705 791 1787 diemque
812 1706 963 1787 colloquio
984 1704 1092 1786 poscit.
1105 1705 1208 1766 'Tem-

173 1831 230 1893 pus
249 1815 482 1898 proplnquum,
506 1815 609 1892 locus,
632 1809 750 1896 inquo
768 1835 866 1896 nuper
883 1815 1021 1876 obsessae
1042 1833 1113 1873 eum
1129 1814 1209 1875 Pae·

178 1931 211 1981 to
232 1901 493 2004 legioneserant,
516 1947 584 1986 eum
606 1927 745 1987 barbaris
774 1925 907 1987 delectus
924 1933 1002 1986 esset
1029 1921 1070 1984 ob
1094 1941 1210 1982 memo·

15 2029 22 2034 ”
122 2017 160 2080 15
179 2030 255 2091 riam
273 2031 404 2095 laetioris
425 2033 483 2094 sibi
502 2035 568 2111 rei,
594 2034 731 2095 Corbulo
752 2056 811 2094 non
828 2035 945 2104 vitavit,
969 2041 1006 2094 ut
1024 2029 1210 2093 dissimilitu·
1318 2111 1321 2118 1

176 2137 215 2198 do
238 2140 375 2201 fortunae
398 2139 522 2223 gloriam
538 2151 672 2224 angeret.
727 2141 828 2222 Neque
848 2139 971 2202 infamia
1004 2136 1088 2204 P‘a'eti
1115 2159 1210 2220 auge·

141 2293 144 2304 ,
175 2241 282 2320 batum
318 2247 399 2328 quod
431 2269 466 2308 eo
497 2241 626 2310 maxime
664 2251 781 2327 patuit,
813 2251 882 2328 quin
903 2248 965 2309 filio
996 2252 1059 2315 eius
1085 2243 1210 2307 tribuno
1315 2319 1319 2334 .

175 2350 289 2416 'ducere
317 2354 487 2434 manipulos
522 2368 612 2437 atque
640 2357 762 2436 operire
791 2356 936 2437 reliquias
968 2354 1064 2416 malae
1091 2373 1211 2436 pugnae

177 2459 349 2540 imperavit.
392 2461 450 2524 Die
481 2473 566 2542 pacta
586 2461 730 2524 Tiberius
766 2460 939 2522 Alexander
968 2460 1091 2522 illustris
1117 2481 1210 2542 eques

117 2579 158 2620 ²0
176 2563 342 2645 Romanus,
364 2571 501 2630 minister
520 2569 600 2631 bello
622 2571 728 2648 datus,
748 2580 778 2629 et
801 2569 950 2630 Viniunus
974 2568 1096 2629 Annius
1115 2589 1210 2650 gener

175 2673 373 2740 Corbulonis.
397 2677 534 2738 nondum
553 2678 703 2740 senatoria
725 2687 823 2738 aetate
847 2677 900 2738 sed
921 2697 976 2759 pro
998 2676 1098 2759 legato
1118 2677 1209 2758 quin·

176 2784 224 2846 loe
247 2785 354 2869 legioni
376 2787 552 2865 impositus,
575 2786 606 2844 in
628 2777 728 2845 eastra
760 2784 905 2846 Tiridatis
930 2805 1063 2860 venere,
1099 2781 1210 2842 honori

177 2893 242 2956 eius
260 2915 296 2956 ae
312 2917 351 2956 ne
373 2903 519 2954 metueret
538 2893 663 2954 insidias
691 2889 746 2952 tali
790 2891 924 2974 pignore.
966 2891 1075 2952 Viceni
1099 2889 1229 2950 debinc·

179 2989 300 3082 equites
318 3004 482 3083 assumpti·
514 3002 554 3064 Et
565 3003 641 3062 'viso
664 2996 839 3061 Corbulone
855 3021 922 3062 ,rex
939 3001 1025 3082 prior
1056 3019 1134 3078 equo
1155 2995 1211 3058 de·

90 3183 92 3188 ¹
121 3104 160 3164 ²5
181 3112 280 3188 siluit,
300 3097 358 3172 nee
378 3119 535 3171 cunctatus
556 3105 709 3179 Corbulo,
731 3109 784 3168 sed
808 3108 898 3190 pedes
932 3116 1060 3188 uterque
1089 3103 1209 3178 dextras
1307 3185 1309 3194 J

121 3199 334 3280 Q9mtscuere.
378 3219 454 3280 Exin
477 3217 632 3288 Romanus
651 3215 755 3276 laudat
773 3216 912 3276 iuvenem
931 3211 1047 3274 omissis
1068 3211 1210 3294 praecipiss

130 3354 131 3360 ¹
177 3323 259 3387 tibus
278 3335 345 3388 tuta
363 3338 393 3387 et
412 3325 554 3386 salutaria
572 3305 782 3404 capessentem.
824 3319 880 3382 lile
900 3320 938 3381 de
952 3316 1113 3412 nobilitate
1122 3335 1210 3396 gene·
1303 3305 1305 3312 ¹

180 3435 223 3494 ris
244 3435 373 3496 multum
390 3433 553 3514 praefatus,
574 3441 673 3493 cetere
693 3437 899 3511 temperanter
918 3423 1075 3506 adiungitr
1095 3421 1211 3514 iturum
1267 3445 1270 3454 ·

270 3674 293 3724 6.
314 3649 481 3740 pelletana.
503 3673 574 3724 Dein
599 3669 637 3736 tl.
658 3684 727 3744 esset
746 3669 789 3726 G:
806 3683 846 3724 est
865 3644 936 3728 Bld⁸.
1031 3717 1034 3728 ,

195 3787 204 3826 r
256 3767 294 3815 rt.
315 3766 414 3816 virano
441 3765 562 3816 codices:
580 3764 685 3816 u'ruur'r
703 3761 848 3820 bekkerus.
884 3765 950 3818 Mox
968 3763 1123 3833 augebatur
1140 3759 1214 3816 Gbit.

254 3876 294 3912 aa·
315 3859 405 3912 bonor
425 3851 484 3910 lta:
516 3859 616 3913 horrori
638 3857 751 3928 Lipsius.
798 3858 860 3910 idox
878 3859 921 3914 ²5.
941 3857 990 3910 111.
1009 3854 1157 3918 arsurae,
1187 3862 1216 3906 tl

182 3956 223 4012 ²8·
238 3954 348 4007 multum
362 3968 410 4022 pro
425 3951 549 4007 militum.
