2900 4724
224 232 290 298 ³60
630 221 858 286 tantulum

78 406 104 480 (a
119 406 148 462 c.
162 408 217 486 ab)
229 411 352 472 nomine
372 377 610 492 expostularent,
632 405 786 469 cordatis
815 425 916 488 nuper
943 401 1101 466 obsidibus
1124 399 1264 464 retlinto-

232 529 379 602 grataque
399 517 539 590 amicitia,
558 535 637 598 quac
654 515 741 576 novis
761 497 1050 596 quoquebenaliciis
1066 509 1168 572 locum
1188 528 1261 588 ape·

142 631 144 638 ’
231 629 328 701 niret,
359 635 460 684 vetere
490 622 653 684 Armeniae
691 621 876 702 possessione
922 619 1139 702 depelleretur,
1187 613 1282 680 Ideo.

232 729 367 792 nondum
399 731 497 810 ipsum
519 726 688 807 Vologesen
708 735 901 799 commotum,
922 723 992 804 quia
1013 743 1102 784 eausa
1124 743 1216 806 quam
1230 725 1262 784 vi

233 816 320 920 agere
342 835 477 898 mallent.
520 835 573 898 sin
598 842 789 915 perstaretur
812 833 844 892 iu
867 830 971 908 hetto,
994 852 1056 892 uon
1076 831 1181 894 defore
1201 823 1303 892 Ari-5
1409 827 1410 836 ’

138 975 140 978 ·
232 945 341 1008 accidis
362 943 508 1006 virtutem
529 939 745 1021 fortunamque
778 938 904 1020 saepius*
920 940 980 1000 iam
1014 937 1101 1000 clade
1128 939 1263 1000 Romana
1410 981 1412 1060 p

137 1057 140 1070 '
231 1060 396 1134 expertam.
439 1047 485 1109 Ad
507 1068 541 1108 ee
563 1046 716 1120 Corbulo,
748 1047 819 1110 satis
842 1057 997 1126 comperto
1019 1045 1188 1128 Vologesen
1209 1045 1264 1107 de-
1411 1090 1413 1190 p

231 1145 362 1218 lectione
383 1155 559 1238 Hyrcaniae
578 1155 701 1217 attineri
719 1203 728 1233 ,
750 1154 859 1216 suadet
878 1153 1007 1218 Tiridati
1028 1153 1168 1234 precibus
1186 1151 1263 1210 Cas

231 1285 328 1325 sarem
350 1263 494 1346 adgredi:
517 1284 603 1344 posse
624 1261 669 1322 illi
690 1235 819 1342 regnasti
841 1260 949 1322 stabile
967 1270 998 1320 et
1019 1260 1263 1323 res-incruentas

232 1367 427 1449 contingere,
454 1369 482 1428 si
512 1368 618 1431 omissa
641 1388 694 1448 spe
715 1366 889 1447 ,longinqua
914 1375 946 1434 et
973 1385 1037 1428 sera
1072 1373 1261 1446 praesentent
1285 1391 1324 1430 io

230 1479 440 1558 potioremque
468 1488 656 1558 sequeretur.
698 1476 847 1542 Placitum
873 1473 998 1551 dehinc,
1033 1467 1322 1555 quiescamus-38

231 1579 402 1642 antibus'in
419 1581 516 1645 vicem
529 1581 653 1644 nuntiis
667 1577 742 1640 nihil
764 1580 794 1640 in
815 1599 963 1644 summam
982 1582 1064 1662 pacis
1083 1581 1263 1663 prolicieba·

229 1696 300 1761 tur,
327 1683 478 1765 colloquio
501 1668 638 1764 ipsorum
660 1695 779 1764 tempus
805 1683 966 1768 lusumque
989 1686 1146 1750 destinari.
1187 1685 1262 1748 Mile

230 1793 366 1874 equitum
382 1791 561 1874 praesidium
582 1792 732 1854 Tiridates
758 1791 850 1856 affore
870 1792 927 1854 sibi
952 1790 1092 1855 dicebat:
1113 1803 1262 1882 quantum
1416 1811 1420 1890 p

230 1883 400 1961 Corbuloni
420 1899 566 1980 cuiusque
589 1901 710 1982 genesis
732 1900 864 1963 militum
886 1901 1047 1980 assisteret,
1068 1908 1324 1974 onustatus-15
1420 1915 1421 1980 l

230 2023 288 2084 re,
311 2004 383 2066 dum
405 2007 508 2086 positis
530 2005 631 2068 lomois
654 2017 685 2078 et
707 2006 801 2088 galeis
817 2009 851 2068 iu
869 2009 983 2073 faciem·
998 2008 1079 2090 pacis
1092 2010 1265 2074 veniretur.
1420 1983 1422 2076 l

231 2109 409 2190 Cuicunque
425 2111 618 2188 mortalium,
639 2112 751 2179 nedum
772 2112 870 2178 veteri
890 2122 921 2172 et
941 2116 1071 2194 provido
1090 2114 1174 2193 duci,
1196 2115 1264 2178 bar·

228 2216 320 2280 barae
342 2215 471 2278 astutiae
495 2216 674 2296 patuissent,
694 2215 763 2277 idea
780 2227 879 2280 artum
901 2215 971 2278 inde
986 2199 1150 2283 numerum
1167 2219 1263 2293 finiri,

231 2335 262 2392 et
287 2324 359 2384 hinc
380 2323 527 2394 maiorem
546 2321 669 2394 afferri,
691 2333 726 2384 ut
748 2319 836 2384 dolus
859 2335 1041 2409 pararetura
1071 2347 1142 2388 nam
1172 2327 1266 2407 equiti

1406 671 1409 734 l

231 2433 410 2514 sagittarum
438 2451 494 2492 usu
519 2433 650 2496 exercito
673 2433 698 2492 si
724 2430 842 2494 detecta
870 2455 1000 2514 corpora
1027 2433 1259 2507 obiicerentur,
1283 2463 1323 2508 ια
1424 2413 1425 2430 ἦ

230 2539 308 2600 nibil
331 2539 522 2621 profuturam
550 2539 789 2626 multitudinem.
831 2539 1029 2602 Dissimulate
1050 2551 1151 2604 tumen
1174 2539 1266 2604 intel·
1338 2581 1342 2590 .

228 2646 311 2708 lectu
342 2650 454 2710 rectius
474 2649 513 2710 de
535 2649 594 2725 iis,
617 2652 747 2732 quaein
768 2649 924 2732 publicum
950 2651 1200 2726 consulerentur,
1218 2659 1266 2708 to·

229 2753 268 2814 tis
285 2754 463 2818 exercitibus
483 2775 585 2816 coram
599 2755 813 2820 dissertaturos
826 2755 993 2838 respondit.
1020 2756 1196 2835 meumque
1212 2753 1266 2812 de·

228 2859 322 2944 legit,
344 2863 430 2948 cuius
451 2884 521 2943 pars
540 2855 633 2922 alteru
657 2862 749 2924 colles
771 2874 868 2941 erant,
887 2863 1053 2926 clementer
1076 2871 1266 2942 assurgentes

215 2968 414 3048 ⁴accipiendis
432 2959 569 3049 pediturn
582 2967 754 3044 ordinibus,
775 2990 845 3049 pars
862 2970 894 3032 iu
916 2952 1264 3050 planitiemporrigeha-
1281 2983 1322 3048 25

229 3085 282 3136 tur
302 3074 339 3136 ad
362 3073 555 3153 explicandas
578 3075 716 3155 equitum
739 3087 868 3140 turmas.
917 3075 1038 3158 Dieque
1058 3083 1148 3156 pacto
1181 3076 1266 3159 prior

229 3181 368 3244 Corbulo
390 3182 483 3240 socias
514 3180 653 3242 cohortes
681 3193 712 3242 et
739 3184 847 3243 auxilia
881 3203 986 3264 regum
1014 3205 1072 3264 pro
1095 3181 1264 3255 cornibus,

229 3291 331 3350 medio
353 3299 466 3354 sextam
492 3285 638 3370 legionem
667 3265 850 3364 constituit,l
869 3291 918 3350 cui
950 3293 1043 3354 accita
1064 3312 1117 3372 per
1142 3298 1266 3352 noctem

170 3402 177 3422 ⁸
229 3396 296 3458 aliis
317 3421 350 3458 ex
381 3396 487 3458 castris
519 3397 578 3456 tria
607 3394 690 3456 milia
725 3397 929 3458 tertianorum
957 3401 1173 3480 permiscuerat
1201 3417 1265 3455 uua

229 3525 298 3562 curn
319 3503 436 3584 aquila,
456 3503 538 3583 quasi
560 3499 665 3561 eadem
688 3500 766 3581 legio
785 3512 985 3582 spectaretur.
1027 3502 1178 3562 Tiridates
1194 3523 1262 3564 ver·
1282 3521 1321 3584 54

230 3619 318 3690 geute
335 3611 395 3669 iam
418 3610 466 3670 die
489 3609 600 3690 procul
622 3610 731 3684 astitit,
754 3610 834 3670 uude
855 3609 951 3670 videri
973 3611 1068 3692 tnagis
1088 3631 1181 3700 quam
1206 3631 1265 3674 au·-

304 3850 343 3898 ts.
359 3836 390 3894 t‘tt
408 3855 508 3896 sumena
530 3835 656 3912 codicesg
675 3839 793 3894 correxit
810 3837 941 3899 Faernus,
