2826 4730
454 362 530 424 tra.
550 364 590 424 tl.
635 357 880 430 cluse-41.
1148 365 1188 429 95
1293 450 1295 456 Ι

38 591 45 617 χ
149 525 280 607 militum
302 567 423 607 servum
449 567 539 606 suum
563 555 734 625 coerceret,
756 567 794 606 an
823 542 943 608 inanem
974 525 1227 617 credulitatem&
1245 543 1337 616 emt.)
1400 603 1401 608 ,

151 665 290 737 tempore
310 657 375 737 ipso
393 675 554 716 vanescere
575 654 699 716 sineret.
742 653 835 716 Modo
865 651 941 713 nihil
973 653 1189 736 spernendum,

82 739 84 748 Ι
151 764 244 826 modo
266 785 327 823 noo
358 763 461 824 omnia
493 762 655 823 metuenda
683 763 842 846 ambiguus
872 759 999 844 pudoris
1029 782 1065 822 ac
1094 773 1192 823 metus

152 873 320 955 reputabat.
364 871 524 934 Postremo
537 873 590 934 dat
612 875 768 954 negotium
792 873 934 933 Sallustio
956 869 1081 952 Crispo:
1100 869 1154 942 ille
1176 891 1193 932 e

125 981 315 1049 5clieotibus
339 982 415 1043 duos
437 983 579 1064 (quidam
602 980 713 1051 milites
732 981 825 1041 fuisse
843 975 989 1054 tradunt)
1020 977 1126 1061 deligit
1145 987 1194 1040 at-

112 1131 116 1144 «
151 1092 384 1174 quehortator,
404 1091 542 1152 simulata
571 1091 756 1152 conscientia
786 1091 916 1168 adeant,
948 1087 1079 1148 offerant
1098 1108 1194 1169 pecu·

153 1205 245 1279 niam,
273 1201 364 1264 fidem
386 1213 477 1284 atque
498 1199 632 1284 pericula
654 1200 867 1283 polliceantur.
920 1199 1138 1278 Exsequuntur
1158 1207 1194 1257 ut

152 1309 265 1369 iussum
286 1319 360 1368 erat.
405 1308 485 1368 Dein
509 1307 657 1390 speculati
678 1317 798 1368 noctem
820 1307 1048 1380 incustoditam,
1072 1313 1194 1388 accepta

156 1413 262 1475 idonea
294 1435 387 1474 manu
416 1415 578 1490 vinctum,
609 1403 712 1474 etauio
740 1433 794 1474 ore
821 1413 852 1472 in
879 1412 1026 1494 palatium
1059 1423 1193 1482 traxere.

92 1522 371 1601 troPercunctanti
393 1521 531 1596 Tiberio,
556 1519 710 1601 quomodo
732 1502 869 1603 Agrippa
895 1519 992 1580 sactus
1013 1532 1111 1596 esset,
1143 1545 1193 1584 re-

155 1629 312 1710 spondisse
334 1629 434 1688 fertur
457 1627 691 1712 „quomodote
717 1625 869 1688 Caesarl'’
896 1627 945 1689 Ut
966 1625 1071 1690 ederet
1094 1633 1190 1692 socios

154 1734 254 1818 subigi
275 1755 336 1794 non
361 1735 471 1814 potuit.
495 1733 560 1794 Nee
582 1733 729 1794 Tiberius
749 1753 878 1815 poenam
900 1718 962 1794 eius
982 1737 1082 1815 palam
1106 1757 1193 1800 ausus

150 1845 182 1902 in
206 1849 323 1902 secreta
344 1838 446 1922 palatii
469 1851 554 1922 parte
585 1840 719 1904 interfici
746 1845 830 1903 iussit
850 1863 1021 1926 corpusque
1040 1843 1117 1906 clam
1136 1834 1194 1906 au·
1277 1897 1280 1904 .

150 1952 235 2010 ferri.
279 1951 320 2011 Et
350 1971 527 2032 quanquam
559 1953 645 2012 multi
677 1971 694 2012 e
720 1953 811 2014 domo
842 1953 990 2039 principis
1018 1956 1194 2036 equitesque

107 2057 185 2117 ibae
206 2065 369 2118 senatores
390 2067 575 2118 sustentasse
602 2055 733 2140 opibus,
757 2057 874 2120 iuvisse·
899 2059 1029 2121 consiliis
1054 2061 1194 2125 diceren-

151 2175 212 2242 tur,
236 2163 320 2226 haud
342 2165 526 2248 quaesitum.
595 2238 599 2250 y

94 2271 141 2354 41
231 2271 311 2331 Fine
334 2273 408 2330 anni
430 2261 518 2332 arcus
539 2281 667 2354 propter
684 2257 801 2333 ⁴aedem
836 2273 962 2336 Saturni
995 2275 1035 2337 ob
1069 2289 1192 2361 recepta

150 2375 233 2459 signa
256 2399 326 2438 cum
346 2377 433 2449 ,Varo
453 2381 559 2440 amissa
585 2379 677 2440 ductu
703 2381 902 2455 Germanici,
936 2387 1076 2466 auspiciis
1098 2385 1193 2448 Tibe·

150 2487 206 2561 rii,
239 2497 269 2545 et
304 2485 394 2546 aedes
427 2486 526 2547 Fortis
554 2485 712 2548 Fortunae
741 2487 879 2550 Tiberim
910 2491 990 2551 iuxta
1024 2495 1053 2552 in
1084 2493 1192 2569 hortis,

104 2615 226 2674 2oquos
249 2594 360 2655 Caesar
378 2595 510 2655 dictator
532 2595 644 2676 populo
667 2596 805 2656 Romano
825 2597 993 2680 legaverat,
1025 2601 1192 2660 sacrarium
1245 2629 1251 2640 ·

148 2689 357 2783 gentiluliae
388 2703 563 2786 effigiesque
590 2703 663 2764 divo
692 2705 829 2787 Augusto
859 2707 942 2786 apud
980 2707 1113 2768 Bovillas
1142 2711 1189 2770 di·

148 2817 269 2872 cantur.
357 2821 359 2826 ’

232 2919 309 2978 Gaio
333 2917 464 2978 Caecilio
485 2917 579 2977 Lucio
593 2917 765 3000 Pomponio
785 2919 962 2982 consulibus
985 2924 1340 3004 Germanicarum.)

149 3025 260 3087 Caesar
287 3036 357 3087 ante
386 3026 468 3086 diem
497 3028 659 3108 septimum
686 3027 827 3089 calendas
853 3031 954 3091 lunias
987 3035 1224 3117 triumphantur
1242 3048 1340 3116 Cap.)

104 3136 189 3208 25de
214 3135 377 3196 Cheruscis
399 3135 578 3216 Chattisque
600 3145 630 3195 et
645 3135 857 3219 Angrivariis,
882 3161 1021 3224 quaeque
1036 3141 1113 3208 allae
1134 3165 1189 3204 na-

151 3246 249 3307 tiones
268 3265 365 3325 usque
385 3243 424 3303 ad
446 3243 547 3304 Albim
566 3243 696 3306 colunt:
721 3253 807 3308 vecta
826 3247 922 3328 spolia
947 3249 1075 3332 captivi,
1096 3254 1190 3312 simu·
1293 3285 1296 3292 ·

153 3352 246 3420 lacre*
269 3353 419 3413 montium
449 3351 612 3450 fluminum
645 3353 853 3435 praeliorum3
886 3356 1085 3441 bellumque,
1118 3361 1189 3442 quia

153 3461 301 3557 conficere
320 3460 490 3543 prohibitus
510 3471 596 3539 erat,
618 3481 675 3544 pro
697 3461 835 3525 confecto
858 3465 1077 3548 accipiebatur.
1122 3472 1190 3532 Au·

228 3739 268 3774 rt.
288 3719 425 3794 quomodo
446 3736 476 3776 tu
497 3723 635 3792 Caesar?]
658 3724 756 3779 Servus
783 3727 990 3797 procacissimus
1015 3727 1118 3782 domini
1144 3733 1189 3781 in-

154 3816 372 3910 terrogntionemx
386 3835 433 3869 sua
452 3818 668 3888 interrogatione
688 3821 784 3876 eludit.
821 3825 913 3876 Minus
932 3830 994 3894 apte
1026 3826 1105 3894 vulgo
1127 3836 1189 3896 post

154 3909 258 3964 Caesar
272 3918 402 3980 punctum
422 3917 541 3982 ponitur.

185 4059 196 4079 ι
222 4007 262 4064 23.
282 4011 371 4066 caeb'o
391 4007 437 4062 M:
459 4006 583 4063 Caecilio
602 4009 749 4064 bruterius.
