2862 4730
238 321 280 384 58
657 315 869 382 multtum

89 502 116 578 (a
129 503 221 573 cat.)
233 496 396 568 vaderent.
437 497 530 562 Haud
551 498 651 561 minus
669 501 790 582 inquies
810 501 984 560 Germanus
1004 520 1057 581 spe
1077 499 1221 580 cupidine
1247 480 1332 572 etssss
1420 503 1421 564 l

235 606 364 668 diversis
388 605 504 668 ducum
522 607 680 668 sententiis
701 587 811 692 agebat
822 629 831 666 ε
844 607 1006 679 Arminio,
1029 608 1164 667 sinerent
1176 605 1279 690 egredi

235 733 433 798 egressosque
463 735 584 775 rursum
617 735 675 796 per
704 713 832 775 humida
856 723 887 774 et
908 713 1054 796 impedita
1076 716 1280 775 circumveni·

235 816 327 902 rent,
354 821 526 900 suadente,
556 821 714 882 atrociora
744 822 936 908 Inguiomero
970 830 1000 882 et
1022 822 1101 882 laeta
1122 821 1275 897 barbaris,

236 941 271 991 ut
292 929 407 993 vallum
427 931 519 991 armis
539 929 708 990 ambirentt
729 908 906 1012 promptam
918 915 1190 1012 expugnationem,
1209 929 1315 1013 plu-5

132 1089 134 1092 .
234 1059 284 1102 res
303 1039 459 1122 captivas,
479 1040 690 1120 incorruptam
712 1037 859 1120 praedam
880 1037 957 1098 lore.
1019 1039 1118 1120 lgitur
1141 1051 1208 1100 orta
1226 1041 1279 1102 die

235 1151 390 1230 proruunt
409 1146 525 1225 fossas,
560 1146 703 1207 iniiciunt
731 1157 847 1220 crates,
885 1137 1002 1208 summa
1022 1147 1094 1208 valli
1119 1159 1276 1231 prensant,
1333 1215 1340 1224 ἱ

209 1263 307 1320 ‘raro
329 1276 419 1338 super
440 1253 588 1316 militent
610 1255 696 1337 quasi
726 1254 767 1315 cb
799 1265 914 1316 metum
948 1255 1053 1317 defixo.
1110 1255 1279 1338 Postquam

233 1362 360 1424 haesere
380 1359 603 1441 munimentis,
626 1360 721 1420 datur
742 1359 921 1421 cohortibus
939 1361 1079 1443 signnm,
1104 1383 1281 1446 cornuaque

81 1481 84 1492 '
194 1491 200 1495 ·
235 1470 386 1532 ac¹tubae
408 1472 602 1538 concinuere.
643 1469 722 1554 Exin
744 1455 880 1533 clamore
899 1479 930 1530 et
946 1473 1063 1553 impetu
1089 1473 1178 1555 tergis
1199 1477 1276 1536 Ger·
1291 1485 1329 1526 ω

235 1581 398 1641 manorum
419 1577 727 1656 circumfunduntur,
764 1579 986 1662 exprobrantes
1020 1601 1083 1640 non
1113 1579 1165 1640 hic
1186 1579 1279 1644 silvae

233 1707 292 1753 neo
312 1687 458 1772 paludes,
493 1687 547 1750 sed
577 1690 683 1772 aequis
702 1687 776 1749 locis¹
805 1709 918 1771 aequos
941 1689 1027 1778 deos,
1080 1688 1168 1749 Hosti
1192 1686 1281 1752 facile

191 1855 193 1860 s
234 1797 386 1860 excidium
407 1807 437 1858 et
457 1817 574 1880 paucos
594 1819 631 1860 ac
652 1811 816 1860 semermos
837 1798 982 1882 cogitanti
1005 1819 1097 1858 sonus
1119 1797 1280 1877 tubarum,

235 1905 339 1990 fulgor
358 1905 532 1984 armorum,
554 1915 671 1990 quanto
690 1906 839 1989 inopina,
873 1917 960 1967 tanto
979 1907 1093 1968 maiora
1115 1905 1281 1968 offundun-

235 2025 309 2094 turt
339 2011 574 2096 cadebantque,
608 2025 644 2075 ut
665 2015 760 2078 rebus
781 2015 923 2075 secundis
945 2015 1049 2091 avidi,
1081 2018 1123 2075 ita
1143 2010 1331 2078 adversius&

193 2143 199 2208 j
235 2123 363 2188 incauti.
405 2121 564 2184 Arminius
586 2123 720 2206 integer,
743 2125 953 2206 Inguiomerus
975 2131 1150 2204 postgrave
1169 2121 1281 2186 vulnus

234 2251 372 2314 pugnam
393 2230 574 2294 deseruere:
611 2231 720 2314 vulgus
749 2229 935 2292 trucidatum
958 2241 1026 2302 est,
1067 2229 1166 2290 don-ee
1184 2232 1229 2291 ira
1252 2241 1282 2292 et

237 2339 497 2420 dies‘permansit.
536 2339 630 2400 Nocte
650 2338 773 2399 demum
792 2359 933 2402 reversae
953 2337 1106 2422 legiones,
1141 2339 1284 2418 meravis
1347 2323 1350 2330 ¹

237 2447 307 2530 plus
328 2449 488 2508 vulnerum
505 2493 514 2526 ,
535 2446 641 2508 eadem
662 2447 803 2506 ciborum
825 2455 941 2527 egestas
965 2446 1133 2528 fatigaret,
1157 2445 1221 2506 vim
1234 2465 1282 2506 sa-

239 2555 367 2618 nitatem
387 2557 490 2638 cupias
513 2565 624 2615 cuncta
643 2555 675 2614 in
700 2553 830 2616 victoria
850 2527 996 2614 habuere:
1298 2575 1342 2616 no

324 2665 506 2736 Pervaserat
529 2663 652 2726 interim
674 2662 874 2722 circumventi
897 2661 1045 2721 exercitus
1059 2661 1161 2733 fama,
1186 2671 1216 2722 et
1231 2654 1343 2746 5⁰39.

241 2773 318 2834 sesto
337 2775 571 2842 Germanorum
592 2771 713 2850 agmine
733 2769 846 2830 Gallias
868 2773 955 2850 pell?
983 2791 1018 2828 ac
1046 2771 1081 2828 ni·
1111 2768 1283 2852 Agrippina

242 2879 417 2963 impositum
439 2877 546 2940 Rheno
570 2887 697 2958 pontem,
715 2875 793 2938 solvi
817 2876 1049 2958 prohibuisset,
1073 2865 1164 2938 erant
1185 2877 1282 2960 quiid

236 2988 394 3070 flagitium
415 2985 577 3062 formidine
600 2983 758 3059 auderent.
819 2983 880 3044 Sed
910 2985 1022 3045 femina
1054 2987 1158 3068 ingens
1189 2986 1288 3046 animi

244 3097 350 3155 munia
373 3093 460 3154 ducis
483 3113 543 3174 pen
565 3112 616 3152 ens
645 3090 713 3158 dies⁴
738 3089 859 3167 induit,
891 3093 1120 3175 militibusque,
1157 3104 1193 3153 ut
1213 3092 1341 3174 quiea&
1420 3105 1421 3124 ¹

203 3222 206 3229 ¹
244 3203 334 3284 inops
354 3211 408 3262 aut
429 3201 569 3274 saucius,
599 3209 714 3268 uestem
736 3213 765 3264 et
784 3200 917 3264 fomenta
936 3189 1078 3284 dilargita
1104 3211 1158 3268 est.
1201 3201 1284 3260 Tra-

245 3309 291 3370 dit
310 3309 403 3370 Gaius
423 3309 559 3384 Plinius,
589 3307 839 3380 Germanicorum
868 3306 1022 3377 bellorum
1044 3309 1190 3391 scriptor,
1225 3318 1285 3368 ste*

244 3417 315 3480 tisse
339 3416 422 3500 apud
443 3416 627 3503 principium
648 3413 904 3496 pontis„1laudes,
918 3427 948 3490 et
969 3425 1076 3512 grates,
1094 3416 1285 3496 reuersislev

251 3584 582 3602 -U-t——p-——u———n

336 3694 361 3744 7.
370 3677 467 3750 fhssos
484 3675 528 3740 M;
548 3683 698 3727 correctum
717 3689 735 3724 a
753 3673 900 3738 beroaldo,¹

323 3775 361 3837 14.
379 3767 563 3841 offenduntur
578 3773 618 3835 ts3
637 3761 756 3822 correxit
775 3769 930 3836 Rhenanus.

323 3867 360 3918 ιδ.
380 3865 569 3932 Inguiomerus
585 3863 633 3936 att„

321 3963 364 4027 ab.
383 3961 465 4030 ponti
483 3959 522 4010 M.
