2900 4724
341 259 345 270 ¹
402 317 404 320 ·
479 311 552 376 rra,
574 271 658 374 riv,
683 310 771 370 cnr.
802 314 891 378 1-4.
954 281 960 304 ‘
1143 314 1202 378 arr

84 483 90 494 ’
137 570 145 583 „
184 495 212 554 in
241 492 345 552 hortos
365 503 417 554 ant
436 491 641 552 Tusculanum
664 490 711 551 vel
733 491 884 550 Antiatem
898 493 929 549 in
950 509 1056 573 agrum
1071 489 1206 571 laudare,
1220 505 1248 576 (a
1263 505 1352 576 ως.)
1443 491 1444 568 ζ

182 603 266 682 quod
294 603 387 661 otium
419 601 587 664 lacesseret.
635 599 794 660 Postremo
819 598 991 680 ubicunque
1020 599 1203 680 haberetur,
1288 665 1290 674 ¹

181 703 374 792 praegravem
399 719 509 781 ratuss
523 707 691 768 interficere
718 707 894 784 constituit,
920 707 1062 768 hactenus
1086 709 1205 768 eonsul-

79 859 84 866 s
182 825 270 890 tans,
293 835 409 876 veneno
435 837 471 874 an
494 815 574 874 ferro
596 813 643 875 vel
668 835 726 895 qua
748 813 806 872 alia
827 815 868 877 vi.
912 811 1090 893 Placuitque
1109 805 1205 895 primo

145 915 342 988 5vcneuum.
396 923 453 982 Sed
488 925 565 984 inter
596 922 696 1004 epulas
718 921 860 1002 principis
880 920 903 978 si
921 918 1072 995 daretur,
1097 921 1205 982 referri

182 1029 221 1088 ad
241 1049 343 1089 casum
358 1047 417 1086 non
436 1037 552 1106 potarat
566 1026 617 1086 tali
636 1030 695 1085 iam
712 1025 875 1086 Britannici
886 1023 986 1100 exitio;
1009 1026 1205 1086 et'ministros

179 1146 296 1195 tentare
305 1135 449 1196 'arduum
469 1134 629 1194 videbator
652 1134 785 1194 mulieris
812 1155 866 1192 usu
889 1130 1036 1191 scelerum
1064 1133 1206 1194 adversus

180 1242 305 1300 insidias
327 1242 479 1313 intentae;
505 1253 594 1321 atque
618 1245 681 1322 ipsa
715 1239 936 1322 praesumendo
976 1239 1203 1307 remediamu-

180 1347 277 1406 niemt
296 1367 414 1428 corpus.
455 1347 581 1406 Ferrum
598 1359 627 1406 et
649 1333 753 1406 caedes
772 1367 902 1426 quonam
926 1345 1014 1404 modo
1027 1344 1202 1420 'occultare-

124 1473 160 1514 ιο
175 1463 248 1530 tur,
274 1475 361 1514 nemo
384 1454 568 1534 reperiebat3
590 1463 619 1510 et
643 1451 768 1530 nequis
788 1447 831 1507 illi
853 1460 937 1508 tanto
955 1451 1078 1510 facinori
1102 1451 1200 1512 deleo·
1294 1469 1306 1498 ἰ

178 1571 228 1621 tus
251 1547 331 1622 iussa
350 1570 524 1642 sperneret,
547 1557 708 1622 metuebat.
738 1555 861 1615 Obtulit
878 1557 1030 1636 ingenium
1053 1555 1201 1618 Anicetus

179 1665 324 1742 libertus,
349 1668 434 1728 classi
457 1665 538 1746 apud
563 1666 711 1724 Misenum
733 1661 902 1743 praefectus
924 1673 952 1721 et
970 1665 1114 1742 pueritiae
1133 1665 1201 1732 ,Ne-

177 1773 263 1832 ronis
282 1773 424 1832 educator
456 1793 489 1830 ac
510 1773 620 1830 mutuis
641 1769 716 1828 odiis
739 1769 921 1850 Agrippinae
953 1768 1076 1828 invisus.
1119 1770 1210 1852 Ergo,

87 1933 91 1946 ,
161 1899 283 1946 ¹navem
304 1899 390 1960 posse
410 1879 548 1960 componi
571 1879 679 1955 docet,
704 1879 789 1936 euius
809 1897 883 1957 pars
900 1877 964 1956 ipso
988 1877 1018 1934 in
1047 1880 1123 1937 mari
1143 1900 1201 1960 per

122 1993 158 2054 15
177 1967 275 2046 artem
295 1983 391 2058 soluta
413 1985 581 2046 effunderet
601 1985 764 2072 ignaram..
789 1981 871 2043 Nihil
893 1991 956 2040 tam
978 2003 1068 2064 capax
1090 1984 1201 2046 fortui·
1297 1974 1299 1990 ’

174 2103 272 2152 torum
295 2115 386 2174 quam
412 2113 517 2170 mare3
539 2103 566 2152 et
595 2094 617 2151 si
644 2090 806 2172 naufragio
827 2091 988 2171 intercepta
1022 2093 1080 2170 sit,
1109 2115 1200 2174 quem

175 2197 250 2258 adeo
270 2197 405 2278 iniquum
418 2208 461 2276 ut
481 2197 584 2256 sceleri
606 2198 747 2280 assignet,
768 2196 850 2280 quod
870 2199 952 2257 venti
974 2209 1004 2256 et
1022 2196 1131 2260 fluctus
1152 2201 1200 2262 de·

138 2371 141 2377 ¹
175 2303 338 2384 liquerint?
371 2299 556 2360 Additurum
594 2305 760 2383 principem
797 2301 956 2360 defunctae
979 2303 1133 2384 templum
1169 2316 1200 2366 ct

145 2397 240 2479 Isaras
267 2418 297 2468 et
327 2419 427 2470 cetera
445 2388 640 2468 ostentandae
661 2409 776 2490 pietati,
816 2407 935 2468 Placuit
955 2408 1103 2486 sollertia,
1127 2424 1199 2475 tem-

132 2521 244 2600 ²⁰pore
263 2519 353 2576 etiam
384 2518 465 2590 iota,
497 2518 617 2598 quan‘do
648 2520 897 2598 Quinquatruum
917 2516 1006 2577 festos
1030 2519 1093 2578 dies
1117 2519 1205 2602 apud,

173 2628 259 2688 Baias
280 2626 496 2706 frequentabat.
540 2626 615 2685 Illuc
638 2636 765 2684 matrem
785 2622 885 2700 elicit,
907 2624 1043 2686 ferendas
1064 2630 1198 2706 parenti-

172 2759 224 2796 um
248 2733 419 2798 iracundias
441 2743 470 2791 et
489 2731 667 2814 placandum
689 2729 824 2790 animum
845 2729 995 2803 dictitans,
1016 2753 1076 2812 quo
1092 2755 1198 2794 rumo-

140 2837 141 2840 ’
172 2863 233 2900 rem
257 2839 509 2919 reconciliationis
530 2836 677 2916 efficeret,
701 2837 908 2917 acciperetque
934 2835 1122 2918 Agrippina,
1152 2839 1197 2899 fa·
1234 2843 1237 2850 '

174 2945 222 3005 cili
244 2945 619 3006 feminarumcaedulitate
651 2943 688 3002 ad
717 2942 836 3022 gaudia.
879 2941 1058 3004 Venientem
1088 2944 1197 3006 dehinc

114 3040 156 3107 25
172 3053 278 3113 obvius
300 3055 328 3112 in
341 3053 443 3112 littora
465 3056 544 3129 (nam
567 3049 659 3110 Antio
684 3049 879 3130 adventabat)
918 3053 1032 3132 excepit
1053 3072 1146 3111 manu
1168 3065 1207 3128 et¹

171 3160 344 3240 complexu,
374 3159 517 3240 ducitque
545 3155 664 3220 Baulos.
707 3155 741 3214 ld
768 3155 857 3214 villae
880 3177 988 3217 nomen
1021 3169 1086 3234 est,
1119 3181 1197 3240 qnae

171 3269 409 3348 promontorium
429 3267 576 3324 Misenum
596 3263 676 3324 inter
697 3273 726 3322 et
739 3263 883 3321 Baianum
904 3261 1004 3322 lacum
1025 3262 1100 3323 flexo
1120 3267 1196 3324 mari
1262 3264 1266 3272 ”

171 3370 303 3432 alluitur.
347 3373 451 3432 Stabat
472 3373 558 3430 inter
579 3371 650 3430 alias
683 3371 768 3428 navis
799 3368 957 3444 ornatior,
990 3341 1133 3451 tanquam
1163 3371 1195 3432 id
1289 3424 1292 3432 ,

173 3518 465 3531 ..m-...q-

255 3621 277 3670 3-
295 3638 449 3691 praegrave
470 3619 565 3672 ssGMa.

244 3730 282 3769 ro.
300 3716 349 3764 illo
368 3715 418 3770 M1.
433 3715 504 3765 idem
524 3731 566 3766 oo.
576 3714 794 3783 quinquenium.
815 3714 885 3766 Dein
897 3717 940 3773 23.
950 3713 1127 3784 Agrippinam
1136 3717 1195 3784 plc-

169 3811 263 3874 rique:
284 3809 435 3875 Agrippina
455 3807 654 3860 Freinshemius
672 3816 699 3859 et
718 3809 746 3857 n.
766 3787 845 3862 tlanlo
865 3818 932 3876 post.
945 3808 1069 3880 excqe'pit
1086 3809 1146 3871 ua,
1167 3817 1195 3860 ct

169 3903 211 3953 28.
233 3899 376 3958 atlaoitar.
941 3896 942 3901 ’
