<?xml version="1.0" encoding="UTF-8"?>
<!DOCTYPE html PUBLIC "-//W3C//DTD XHTML 1.0 Transitional//EN"
    "http://www.w3.org/TR/xhtml1/DTD/xhtml1-transitional.dtd">
<html xmlns="http://www.w3.org/1999/xhtml" xml:lang="en" lang="en">
 <head>
  <title>
</title>
<meta http-equiv="Content-Type" content="text/html;charset=utf-8" />
  <meta name='ocr-system' content='tesseract 3.04.00' />
  <meta name='ocr-capabilities' content='ocr_page ocr_carea ocr_par ocr_line ocrx_word'/>
</head>
<body>
  <div class='ocr_page' id='page_1' title='image "./ccorneliitaciti00rittgoog_0208.png"; bbox 0 0 2862 4726; ppageno 0'>
   <div class='ocr_carea' id='block_1_1' title="bbox 54 233 136 266">
    <p class='ocr_par' dir='ltr' id='par_1_1' title="bbox 54 233 136 266">
     <span class='ocr_line' id='line_1_1' title="bbox 54 233 136 266; baseline 0 0"><span class='ocrx_word' id='word_1_1' title='bbox 54 250 56 258; x_wconf 66' lang='grc' dir='ltr'><strong><em>ι</em></strong></span> <span class='ocrx_word' id='word_1_2' title='bbox 126 233 136 266; x_wconf 90' lang='grc' dir='ltr'><em>Ι</em></span> 
     </span>
    </p>
   </div>
   <div class='ocr_carea' id='block_1_2' title="bbox 155 309 845 418">
    <p class='ocr_par' dir='ltr' id='par_1_2' title="bbox 155 309 845 418">
     <span class='ocr_line' id='line_1_2' title="bbox 155 309 845 418; baseline -0.017 -28"><span class='ocrx_word' id='word_1_3' title='bbox 155 309 334 390; x_wconf 72' lang='lat' dir='ltr'><strong>&#39;aon</strong></span> <span class='ocrx_word' id='word_1_4' title='bbox 453 414 455 418; x_wconf 80' lang='lat'>.</span> <span class='ocrx_word' id='word_1_5' title='bbox 617 319 845 380; x_wconf 73' lang='lat' dir='ltr'><strong>saranum</strong></span> 
     </span>
    </p>
   </div>
   <div class='ocr_carea' id='block_1_3' title="bbox 54 487 1425 3609">
    <p class='ocr_par' dir='ltr' id='par_1_3' title="bbox 54 487 1317 2423">
     <span class='ocr_line' id='line_1_3' title="bbox 60 487 1251 585; baseline 0.001 -21"><span class='ocrx_word' id='word_1_6' title='bbox 60 503 86 571; x_wconf 66' lang='grc' dir='ltr'><strong>(Ι</strong></span> <span class='ocrx_word' id='word_1_7' title='bbox 105 496 284 570; x_wconf 63' lang='lat' dir='ltr'><strong>eat-irum</strong></span> <span class='ocrx_word' id='word_1_8' title='bbox 305 501 405 564; x_wconf 87' lang='lat' dir='ltr'><strong>aliena</strong></span> <span class='ocrx_word' id='word_1_9' title='bbox 427 502 584 566; x_wconf 67' lang='lat' dir='ltr'><strong>malebcta</strong></span> <span class='ocrx_word' id='word_1_10' title='bbox 606 487 665 563; x_wconf 89' lang='lat' dir='ltr'><strong>sibi</strong></span> <span class='ocrx_word' id='word_1_11' title='bbox 683 505 829 564; x_wconf 85' lang='lat' dir='ltr'><strong>obiectari</strong></span> <span class='ocrx_word' id='word_1_12' title='bbox 859 515 975 585; x_wconf 88' lang='lat' dir='ltr'><strong>putent.</strong></span> <span class='ocrx_word' id='word_1_13' title='bbox 1017 502 1119 564; x_wconf 83' lang='lat' dir='ltr'><strong>Etiam</strong></span> <span class='ocrx_word' id='word_1_14' title='bbox 1155 503 1251 584; x_wconf 82' lang='lat' dir='ltr'><strong>gloria</strong></span> 
     </span>
     <span class='ocr_line' id='line_1_4' title="bbox 112 593 1253 696; baseline 0.001 -24"><span class='ocrx_word' id='word_1_15' title='bbox 112 617 114 621; x_wconf 82' lang='grc'><strong>’</strong></span> <span class='ocrx_word' id='word_1_16' title='bbox 210 633 247 674; x_wconf 83' lang='lat' dir='ltr'><strong>ac</strong></span> <span class='ocrx_word' id='word_1_17' title='bbox 269 613 370 673; x_wconf 90' lang='lat' dir='ltr'><strong>virtus</strong></span> <span class='ocrx_word' id='word_1_18' title='bbox 387 593 522 674; x_wconf 75' lang='lat' dir='ltr'><strong>infensos</strong></span> <span class='ocrx_word' id='word_1_19' title='bbox 547 610 661 688; x_wconf 86' lang='lat' dir='ltr'><strong>habet,</strong></span> <span class='ocrx_word' id='word_1_20' title='bbox 680 621 715 671; x_wconf 93' lang='lat' dir='ltr'><strong>ut</strong></span> <span class='ocrx_word' id='word_1_21' title='bbox 743 614 833 672; x_wconf 90' lang='lat' dir='ltr'><strong>nimis</strong></span> <span class='ocrx_word' id='word_1_22' title='bbox 863 633 897 672; x_wconf 84' lang='lat' dir='ltr'><strong>ex</strong></span> <span class='ocrx_word' id='word_1_23' title='bbox 928 612 1101 696; x_wconf 87' lang='lat' dir='ltr'><strong>propinquo</strong></span> <span class='ocrx_word' id='word_1_24' title='bbox 1130 611 1253 672; x_wconf 87' lang='lat' dir='ltr'><strong>diversa</strong></span> 
     </span>
     <span class='ocr_line' id='line_1_5' title="bbox 207 715 782 801; baseline -0.007 -19"><span class='ocrx_word' id='word_1_25' title='bbox 207 739 349 801; x_wconf 83' lang='lat' dir='ltr'><strong>arguens.</strong></span> <span class='ocrx_word' id='word_1_26' title='bbox 391 717 452 778; x_wconf 89' lang='lat' dir='ltr'><strong>Sed</strong></span> <span class='ocrx_word' id='word_1_27' title='bbox 475 717 515 777; x_wconf 92' lang='lat' dir='ltr'><strong>ad</strong></span> <span class='ocrx_word' id='word_1_28' title='bbox 536 720 656 799; x_wconf 88' lang='lat' dir='ltr'><strong>incepta</strong></span> <span class='ocrx_word' id='word_1_29' title='bbox 680 715 782 779; x_wconf 86' lang='lat' dir='ltr'><strong>redeo.</strong></span> 
     </span>
     <span class='ocr_line' id='line_1_6' title="bbox 54 803 1314 908; baseline 0.001 -22"><span class='ocrx_word' id='word_1_30' title='bbox 54 803 209 908; x_wconf 51' lang='lat' dir='ltr'><strong>(eappa.)</strong></span> <span class='ocrx_word' id='word_1_31' title='bbox 293 824 435 886; x_wconf 90' lang='lat' dir='ltr'><strong>Cornelio</strong></span> <span class='ocrx_word' id='word_1_32' title='bbox 457 826 550 888; x_wconf 89' lang='lat' dir='ltr'><strong>Cosso</strong></span> <span class='ocrx_word' id='word_1_33' title='bbox 573 825 682 886; x_wconf 82' lang='lat' dir='ltr'>Asinio</span> <span class='ocrx_word' id='word_1_34' title='bbox 710 825 846 908; x_wconf 81' lang='lat' dir='ltr'>Agrippa</span> <span class='ocrx_word' id='word_1_35' title='bbox 873 827 1047 890; x_wconf 89' lang='lat' dir='ltr'><strong>consulibus</strong></span> <span class='ocrx_word' id='word_1_36' title='bbox 1076 823 1314 905; x_wconf 60' lang='lat' dir='ltr'><strong>Cremutinsssk</strong></span> 
     </span>
     <span class='ocr_line' id='line_1_7' title="bbox 58 909 1291 1016; baseline 0.007 -26"><span class='ocrx_word' id='word_1_37' title='bbox 58 943 84 1007; x_wconf 73' lang='lat' dir='ltr'><strong>(a</strong></span> <span class='ocrx_word' id='word_1_38' title='bbox 103 935 133 990; x_wconf 81' lang='lat' dir='ltr'><strong>C·</strong></span> <span class='ocrx_word' id='word_1_39' title='bbox 141 932 196 1004; x_wconf 68' lang='lat'><strong>2⁵0)</strong></span> <span class='ocrx_word' id='word_1_40' title='bbox 208 933 328 1014; x_wconf 84' lang='lat' dir='ltr'><strong>Cordus</strong></span> <span class='ocrx_word' id='word_1_41' title='bbox 346 932 537 1016; x_wconf 88' lang='lat' dir='ltr'><strong>postulatur,</strong></span> <span class='ocrx_word' id='word_1_42' title='bbox 559 955 640 994; x_wconf 88' lang='lat' dir='ltr'><strong>novo</strong></span> <span class='ocrx_word' id='word_1_43' title='bbox 661 954 696 994; x_wconf 90' lang='lat' dir='ltr'><strong>ac</strong></span> <span class='ocrx_word' id='word_1_44' title='bbox 717 909 793 994; x_wconf 81' lang='lat' dir='ltr'><strong>tunc</strong></span> <span class='ocrx_word' id='word_1_45' title='bbox 815 937 947 1015; x_wconf 90' lang='lat' dir='ltr'><strong>primum</strong></span> <span class='ocrx_word' id='word_1_46' title='bbox 967 937 1075 998; x_wconf 88' lang='lat' dir='ltr'><strong>audito</strong></span> <span class='ocrx_word' id='word_1_47' title='bbox 1106 938 1246 1014; x_wconf 60' lang='lat' dir='ltr'><strong>camme,</strong></span> <span class='ocrx_word' id='word_1_48' title='bbox 1273 929 1291 989; x_wconf 85' lang='lat'><strong>5</strong></span> 
     </span>
     <span class='ocr_line' id='line_1_8' title="bbox 205 1040 1248 1124; baseline 0.004 -22"><span class='ocrx_word' id='word_1_49' title='bbox 205 1041 299 1124; x_wconf 87' lang='lat' dir='ltr'><strong>quod</strong></span> <span class='ocrx_word' id='word_1_50' title='bbox 310 1043 398 1104; x_wconf 89' lang='lat' dir='ltr'><strong>editis</strong></span> <span class='ocrx_word' id='word_1_51' title='bbox 419 1043 581 1104; x_wconf 81' lang='lat' dir='ltr'><strong>annalibus</strong></span> <span class='ocrx_word' id='word_1_52' title='bbox 602 1040 787 1122; x_wconf 88' lang='lat' dir='ltr'><strong>laudatoque</strong></span> <span class='ocrx_word' id='word_1_53' title='bbox 800 1043 904 1104; x_wconf 81' lang='lat' dir='ltr'>Marco</span> <span class='ocrx_word' id='word_1_54' title='bbox 927 1045 1022 1106; x_wconf 91' lang='lat' dir='ltr'><strong>Bruto</strong></span> <span class='ocrx_word' id='word_1_55' title='bbox 1045 1045 1158 1108; x_wconf 90' lang='lat' dir='ltr'><strong>Gaium</strong></span> <span class='ocrx_word' id='word_1_56' title='bbox 1175 1046 1248 1106; x_wconf 85' lang='lat' dir='ltr'><strong>Cas-</strong></span> 
     </span>
     <span class='ocr_line' id='line_1_9' title="bbox 205 1146 1251 1232; baseline 0.005 -20"><span class='ocrx_word' id='word_1_57' title='bbox 205 1150 287 1212; x_wconf 80' lang='lat' dir='ltr'><strong>sium</strong></span> <span class='ocrx_word' id='word_1_58' title='bbox 310 1149 520 1210; x_wconf 88' lang='lat' dir='ltr'><strong>Romanorum</strong></span> <span class='ocrx_word' id='word_1_59' title='bbox 550 1146 693 1208; x_wconf 91' lang='lat' dir='ltr'><strong>ultimum</strong></span> <span class='ocrx_word' id='word_1_60' title='bbox 724 1147 855 1212; x_wconf 81' lang='lat' dir='ltr'><strong>dixisset.</strong></span> <span class='ocrx_word' id='word_1_61' title='bbox 906 1149 1251 1232; x_wconf 81' lang='lat' dir='ltr'><strong>AccusabantSatrius</strong></span> 
     </span>
     <span class='ocr_line' id='line_1_10' title="bbox 204 1255 1250 1345; baseline -0.005 -25"><span class='ocrx_word' id='word_1_62' title='bbox 204 1257 363 1320; x_wconf 86' lang='lat' dir='ltr'>Secundus</span> <span class='ocrx_word' id='word_1_63' title='bbox 385 1268 416 1318; x_wconf 88' lang='lat' dir='ltr'><strong>et</strong></span> <span class='ocrx_word' id='word_1_64' title='bbox 437 1257 579 1320; x_wconf 85' lang='lat' dir='ltr'><strong>Pinarius</strong></span> <span class='ocrx_word' id='word_1_65' title='bbox 602 1255 717 1334; x_wconf 73' lang='lat' dir='ltr'><strong>Natta,</strong></span> <span class='ocrx_word' id='word_1_66' title='bbox 740 1257 844 1316; x_wconf 89' lang='lat' dir='ltr'><strong>Seiani</strong></span> <span class='ocrx_word' id='word_1_67' title='bbox 863 1257 1000 1323; x_wconf 88' lang='lat' dir='ltr'><strong>clientes.</strong></span> <span class='ocrx_word' id='word_1_68' title='bbox 1055 1261 1089 1322; x_wconf 91' lang='lat' dir='ltr'><strong>Id</strong></span> <span class='ocrx_word' id='word_1_69' title='bbox 1117 1262 1250 1345; x_wconf 84' lang='lat' dir='ltr'><strong>pernici-</strong></span> 
     </span>
     <span class='ocr_line' id='line_1_11' title="bbox 205 1364 1249 1452; baseline 0.002 -24"><span class='ocrx_word' id='word_1_70' title='bbox 205 1364 378 1445; x_wconf 70' lang='lat' dir='ltr'><strong>stateres,</strong></span> <span class='ocrx_word' id='word_1_71' title='bbox 403 1378 433 1428; x_wconf 88' lang='lat' dir='ltr'><strong>et</strong></span> <span class='ocrx_word' id='word_1_72' title='bbox 470 1367 582 1428; x_wconf 87' lang='lat' dir='ltr'><strong>Caesar</strong></span> <span class='ocrx_word' id='word_1_73' title='bbox 610 1369 694 1428; x_wconf 85' lang='lat' dir='ltr'><strong>truci</strong></span> <span class='ocrx_word' id='word_1_74' title='bbox 731 1365 818 1428; x_wconf 88' lang='lat' dir='ltr'><strong>vultu</strong></span> <span class='ocrx_word' id='word_1_75' title='bbox 849 1365 1054 1430; x_wconf 79' lang='lat' dir='ltr'><strong>defensionem</strong></span> <span class='ocrx_word' id='word_1_76' title='bbox 1079 1372 1249 1452; x_wconf 81' lang='lat' dir='ltr'><strong>accipiens3</strong></span> 
     </span>
     <span class='ocr_line' id='line_1_12' title="bbox 204 1454 1312 1558; baseline -0.005 -22"><span class='ocrx_word' id='word_1_77' title='bbox 204 1497 298 1558; x_wconf 87' lang='lat' dir='ltr'><strong>quam</strong></span> <span class='ocrx_word' id='word_1_78' title='bbox 322 1475 496 1536; x_wconf 85' lang='lat' dir='ltr'><strong>Cremutius</strong></span> <span class='ocrx_word' id='word_1_79' title='bbox 516 1473 734 1558; x_wconf 83' lang='lat' dir='ltr'><strong>relinquendae</strong></span> <span class='ocrx_word' id='word_1_80' title='bbox 756 1454 837 1536; x_wconf 87' lang='lat' dir='ltr'><strong>vitae</strong></span> <span class='ocrx_word' id='word_1_81' title='bbox 858 1487 958 1536; x_wconf 85' lang='lat' dir='ltr'><strong>certus</strong></span> <span class='ocrx_word' id='word_1_82' title='bbox 975 1477 1006 1536; x_wconf 90' lang='lat' dir='ltr'><strong>in</strong></span> <span class='ocrx_word' id='word_1_83' title='bbox 1027 1476 1108 1538; x_wconf 90' lang='lat' dir='ltr'><strong>hunc</strong></span> <span class='ocrx_word' id='word_1_84' title='bbox 1123 1477 1249 1540; x_wconf 87' lang='lat' dir='ltr'><strong>modum</strong></span> <span class='ocrx_word' id='word_1_85' title='bbox 1273 1492 1312 1532; x_wconf 80' lang='lat' dir='ltr'><strong>ro</strong></span> 
     </span>
     <span class='ocr_line' id='line_1_13' title="bbox 208 1576 1249 1670; baseline -0.004 -22"><span class='ocrx_word' id='word_1_86' title='bbox 208 1607 334 1648; x_wconf 85' lang='lat' dir='ltr'><strong>exorsus</strong></span> <span class='ocrx_word' id='word_1_87' title='bbox 361 1594 418 1647; x_wconf 81' lang='lat' dir='ltr'><strong>est.</strong></span> <span class='ocrx_word' id='word_1_88' title='bbox 462 1585 592 1665; x_wconf 85' lang='lat' dir='ltr'><strong>„Verba</strong></span> <span class='ocrx_word' id='word_1_89' title='bbox 616 1607 701 1662; x_wconf 89' lang='lat' dir='ltr'><strong>mea,</strong></span> <span class='ocrx_word' id='word_1_90' title='bbox 725 1576 830 1666; x_wconf 84' lang='lat' dir='ltr'><strong>patres</strong></span> <span class='ocrx_word' id='word_1_91' title='bbox 851 1585 1031 1666; x_wconf 75' lang='lat' dir='ltr'><strong>conscripti,</strong></span> <span class='ocrx_word' id='word_1_92' title='bbox 1060 1597 1249 1670; x_wconf 86' lang='lat' dir='ltr'><strong>arguuntur:</strong></span> 
     </span>
     <span class='ocr_line' id='line_1_14' title="bbox 207 1691 1253 1776; baseline -0.007 -18"><span class='ocrx_word' id='word_1_93' title='bbox 207 1695 284 1758; x_wconf 90' lang='lat' dir='ltr'><strong>adeo</strong></span> <span class='ocrx_word' id='word_1_94' title='bbox 303 1697 458 1758; x_wconf 84' lang='lat' dir='ltr'><strong>sactorum</strong></span> <span class='ocrx_word' id='word_1_95' title='bbox 477 1697 622 1756; x_wconf 83' lang='lat' dir='ltr'><strong>innocens</strong></span> <span class='ocrx_word' id='word_1_96' title='bbox 644 1715 722 1755; x_wconf 89' lang='lat' dir='ltr'><strong>sum.</strong></span> <span class='ocrx_word' id='word_1_97' title='bbox 766 1691 829 1754; x_wconf 87' lang='lat' dir='ltr'><strong>Sed</strong></span> <span class='ocrx_word' id='word_1_98' title='bbox 851 1715 949 1776; x_wconf 89' lang='lat' dir='ltr'><strong>neque</strong></span> <span class='ocrx_word' id='word_1_99' title='bbox 970 1694 1046 1755; x_wconf 87' lang='lat' dir='ltr'><strong>haec</strong></span> <span class='ocrx_word' id='word_1_100' title='bbox 1075 1695 1106 1754; x_wconf 91' lang='lat' dir='ltr'><strong>iu</strong></span> <span class='ocrx_word' id='word_1_101' title='bbox 1135 1691 1253 1775; x_wconf 86' lang='lat' dir='ltr'><strong>princi·</strong></span> 
     </span>
     <span class='ocr_line' id='line_1_15' title="bbox 207 1796 1252 1884; baseline -0.007 -22"><span class='ocrx_word' id='word_1_102' title='bbox 207 1822 278 1883; x_wconf 88' lang='lat' dir='ltr'><strong>pem</strong></span> <span class='ocrx_word' id='word_1_103' title='bbox 301 1812 354 1862; x_wconf 90' lang='lat' dir='ltr'><strong>aut</strong></span> <span class='ocrx_word' id='word_1_104' title='bbox 374 1800 523 1884; x_wconf 89' lang='lat' dir='ltr'><strong>principis</strong></span> <span class='ocrx_word' id='word_1_105' title='bbox 543 1813 721 1882; x_wconf 83' lang='lat' dir='ltr'><strong>parentem,</strong></span> <span class='ocrx_word' id='word_1_106' title='bbox 745 1822 821 1882; x_wconf 81' lang='lat' dir='ltr'><strong>quos</strong></span> <span class='ocrx_word' id='word_1_107' title='bbox 844 1799 891 1864; x_wconf 85' lang='lat' dir='ltr'><strong>lex</strong></span> <span class='ocrx_word' id='word_1_108' title='bbox 913 1802 1075 1860; x_wconf 88' lang='lat' dir='ltr'><strong>maiestatis</strong></span> <span class='ocrx_word' id='word_1_109' title='bbox 1089 1796 1252 1879; x_wconf 22' lang='lat' dir='ltr'><strong>[amplecti-</strong></span> 
     </span>
     <span class='ocr_line' id='line_1_16' title="bbox 208 1908 1252 1990; baseline -0.008 -19"><span class='ocrx_word' id='word_1_110' title='bbox 208 1922 279 1972; x_wconf 85' lang='lat' dir='ltr'><strong>tur:</strong></span> <span class='ocrx_word' id='word_1_111' title='bbox 315 1911 445 1970; x_wconf 88' lang='lat' dir='ltr'><strong>Brutum</strong></span> <span class='ocrx_word' id='word_1_112' title='bbox 485 1920 515 1970; x_wconf 88' lang='lat' dir='ltr'><strong>et</strong></span> <span class='ocrx_word' id='word_1_113' title='bbox 537 1910 677 1972; x_wconf 85' lang='lat' dir='ltr'><strong>Cassium</strong></span> <span class='ocrx_word' id='word_1_114' title='bbox 710 1909 881 1978; x_wconf 78' lang='lat' dir='ltr'><strong>laudavisse</strong></span> <span class='ocrx_word' id='word_1_115' title='bbox 912 1908 1014 1985; x_wconf 90' lang='lat' dir='ltr'><strong>dicor,</strong></span> <span class='ocrx_word' id='word_1_116' title='bbox 1044 1927 1175 1990; x_wconf 90' lang='lat' dir='ltr'><strong>quorum</strong></span> <span class='ocrx_word' id='word_1_117' title='bbox 1205 1925 1252 1964; x_wconf 84' lang='lat' dir='ltr'><strong>rea</strong></span> 
     </span>
     <span class='ocr_line' id='line_1_17' title="bbox 207 2009 1317 2099; baseline 0.001 -22"><span class='ocrx_word' id='word_1_118' title='bbox 207 2028 304 2099; x_wconf 78' lang='lat' dir='ltr'><strong>gestas</strong></span> <span class='ocrx_word' id='word_1_119' title='bbox 327 2037 398 2076; x_wconf 90' lang='lat' dir='ltr'><strong>cum</strong></span> <span class='ocrx_word' id='word_1_120' title='bbox 418 2009 546 2098; x_wconf 87' lang='lat' dir='ltr'><strong>plurimi</strong></span> <span class='ocrx_word' id='word_1_121' title='bbox 573 2017 818 2098; x_wconf 87' lang='lat' dir='ltr'><strong>composuerint,</strong></span> <span class='ocrx_word' id='word_1_122' title='bbox 838 2035 929 2076; x_wconf 90' lang='lat' dir='ltr'><strong>nemo</strong></span> <span class='ocrx_word' id='word_1_123' title='bbox 953 2017 1018 2076; x_wconf 91' lang='lat' dir='ltr'><strong>sine</strong></span> <span class='ocrx_word' id='word_1_124' title='bbox 1042 2013 1160 2076; x_wconf 88' lang='lat' dir='ltr'><strong>honore</strong></span> <span class='ocrx_word' id='word_1_125' title='bbox 1186 2017 1317 2082; x_wconf 78' lang='lat' dir='ltr'><strong>rue-15</strong></span> 
     </span>
     <span class='ocr_line' id='line_1_18' title="bbox 207 2109 1244 2206; baseline -0.003 -21"><span class='ocrx_word' id='word_1_126' title='bbox 207 2127 351 2188; x_wconf 85' lang='lat' dir='ltr'><strong>moravit.</strong></span> <span class='ocrx_word' id='word_1_127' title='bbox 394 2125 484 2186; x_wconf 87' lang='lat' dir='ltr'><strong>Titus</strong></span> <span class='ocrx_word' id='word_1_128' title='bbox 506 2125 622 2203; x_wconf 84' lang='lat' dir='ltr'><strong>Livius,</strong></span> <span class='ocrx_word' id='word_1_129' title='bbox 647 2124 838 2206; x_wconf 86' lang='lat' dir='ltr'><strong>eloquentiae</strong></span> <span class='ocrx_word' id='word_1_130' title='bbox 858 2143 894 2182; x_wconf 90' lang='lat' dir='ltr'><strong>ac</strong></span> <span class='ocrx_word' id='word_1_131' title='bbox 912 2109 984 2182; x_wconf 87' lang='lat' dir='ltr'><strong>fidei</strong></span> <span class='ocrx_word' id='word_1_132' title='bbox 1004 2125 1179 2205; x_wconf 87' lang='lat' dir='ltr'><strong>praeclarus</strong></span> <span class='ocrx_word' id='word_1_133' title='bbox 1213 2122 1244 2182; x_wconf 89' lang='lat' dir='ltr'><strong>in</strong></span> 
     </span>
     <span class='ocr_line' id='line_1_19' title="bbox 130 2217 1246 2314; baseline 0.001 -23"><span class='ocrx_word' id='word_1_134' title='bbox 130 2217 135 2226; x_wconf 46' lang='lat'><strong><em>¹</em></strong></span> <span class='ocrx_word' id='word_1_135' title='bbox 208 2231 340 2314; x_wconf 87' lang='lat' dir='ltr'><strong>primis,</strong></span> <span class='ocrx_word' id='word_1_136' title='bbox 363 2234 500 2294; x_wconf 85' lang='lat' dir='ltr'><strong>Gnaeum</strong></span> <span class='ocrx_word' id='word_1_137' title='bbox 524 2234 705 2314; x_wconf 91' lang='lat' dir='ltr'><strong>Pompeium</strong></span> <span class='ocrx_word' id='word_1_138' title='bbox 718 2234 811 2294; x_wconf 85' lang='lat' dir='ltr'><strong>tantis</strong></span> <span class='ocrx_word' id='word_1_139' title='bbox 833 2229 973 2293; x_wconf 86' lang='lat' dir='ltr'><strong>lau‘dibus</strong></span> <span class='ocrx_word' id='word_1_140' title='bbox 988 2232 1080 2310; x_wconf 82' lang='lat' dir='ltr'><strong>tulit,</strong></span> <span class='ocrx_word' id='word_1_141' title='bbox 1105 2244 1140 2294; x_wconf 92' lang='lat' dir='ltr'><strong>ut</strong></span> <span class='ocrx_word' id='word_1_142' title='bbox 1151 2232 1246 2294; x_wconf 91' lang='lat' dir='ltr'><strong>Pom-</strong></span> 
     </span>
     <span class='ocr_line' id='line_1_20' title="bbox 208 2336 1254 2423; baseline -0.002 -23"><span class='ocrx_word' id='word_1_143' title='bbox 208 2342 352 2423; x_wconf 89' lang='lat' dir='ltr'><strong>peianum</strong></span> <span class='ocrx_word' id='word_1_144' title='bbox 373 2357 444 2399; x_wconf 87' lang='lat' dir='ltr'><strong>eum</strong></span> <span class='ocrx_word' id='word_1_145' title='bbox 461 2337 618 2420; x_wconf 83' lang='lat' dir='ltr'><strong>Augustus</strong></span> <span class='ocrx_word' id='word_1_146' title='bbox 639 2336 828 2420; x_wconf 79' lang='lat' dir='ltr'><strong>appellaret3</strong></span> <span class='ocrx_word' id='word_1_147' title='bbox 850 2359 950 2420; x_wconf 88' lang='lat' dir='ltr'><strong>neque</strong></span> <span class='ocrx_word' id='word_1_148' title='bbox 971 2337 1003 2398; x_wconf 92' lang='lat' dir='ltr'><strong>id</strong></span> <span class='ocrx_word' id='word_1_149' title='bbox 1024 2338 1173 2398; x_wconf 89' lang='lat' dir='ltr'><strong>amicitiae</strong></span> <span class='ocrx_word' id='word_1_150' title='bbox 1199 2357 1254 2398; x_wconf 92' lang='lat' dir='ltr'><strong>eo-</strong></span> 
     </span>
    </p>

    <p class='ocr_par' dir='ltr' id='par_1_4' title="bbox 188 2443 1319 3068">
     <span class='ocr_line' id='line_1_21' title="bbox 188 2443 1253 2528; baseline -0.007 -19"><span class='ocrx_word' id='word_1_151' title='bbox 188 2492 191 2496; x_wconf 93' lang='grc'><strong>-</strong></span> <span class='ocrx_word' id='word_1_152' title='bbox 210 2470 279 2510; x_wconf 86' lang='lat' dir='ltr'><strong>rum</strong></span> <span class='ocrx_word' id='word_1_153' title='bbox 297 2445 409 2508; x_wconf 83' lang='lat' dir='ltr'><strong>offecit.</strong></span> <span class='ocrx_word' id='word_1_154' title='bbox 453 2447 648 2528; x_wconf 85' lang='lat' dir='ltr'><strong>Scipionem,</strong></span> <span class='ocrx_word' id='word_1_155' title='bbox 671 2446 856 2520; x_wconf 82' lang='lat' dir='ltr'><strong>Afranium,</strong></span> <span class='ocrx_word' id='word_1_156' title='bbox 877 2446 961 2506; x_wconf 91' lang='lat' dir='ltr'><strong>hunc</strong></span> <span class='ocrx_word' id='word_1_157' title='bbox 980 2447 1079 2528; x_wconf 90' lang='lat' dir='ltr'><strong>ipsum</strong></span> <span class='ocrx_word' id='word_1_158' title='bbox 1102 2443 1253 2521; x_wconf 87' lang='lat' dir='ltr'><strong>Cassium,</strong></span> 
     </span>
     <span class='ocr_line' id='line_1_22' title="bbox 209 2551 1319 2636; baseline -0.005 -22"><span class='ocrx_word' id='word_1_159' title='bbox 209 2553 293 2614; x_wconf 91' lang='lat' dir='ltr'><strong>hunc</strong></span> <span class='ocrx_word' id='word_1_160' title='bbox 315 2553 447 2614; x_wconf 86' lang='lat' dir='ltr'><strong>Brutum</strong></span> <span class='ocrx_word' id='word_1_161' title='bbox 468 2573 619 2634; x_wconf 88' lang='lat' dir='ltr'><strong>nusquam</strong></span> <span class='ocrx_word' id='word_1_162' title='bbox 641 2551 775 2616; x_wconf 85' lang='lat' dir='ltr'><strong>latrones</strong></span> <span class='ocrx_word' id='word_1_163' title='bbox 802 2564 834 2615; x_wconf 91' lang='lat' dir='ltr'><strong>et</strong></span> <span class='ocrx_word' id='word_1_164' title='bbox 857 2553 1045 2636; x_wconf 86' lang='lat' dir='ltr'><strong>parricidas,</strong></span> <span class='ocrx_word' id='word_1_165' title='bbox 1067 2574 1145 2636; x_wconf 86' lang='lat' dir='ltr'><strong>qnae</strong></span> <span class='ocrx_word' id='word_1_166' title='bbox 1174 2574 1256 2612; x_wconf 90' lang='lat' dir='ltr'><strong>nunc</strong></span> <span class='ocrx_word' id='word_1_167' title='bbox 1273 2569 1319 2608; x_wconf 79' lang='lat' dir='ltr'><strong>ao</strong></span> 
     </span>
     <span class='ocr_line' id='line_1_23' title="bbox 210 2659 1254 2744; baseline 0 -22"><span class='ocrx_word' id='word_1_168' title='bbox 210 2659 362 2722; x_wconf 85' lang='lat' dir='ltr'><strong>vocabula</strong></span> <span class='ocrx_word' id='word_1_169' title='bbox 393 2661 609 2742; x_wconf 83' lang='lat' dir='ltr'><strong>imponuntur,</strong></span> <span class='ocrx_word' id='word_1_170' title='bbox 646 2683 734 2743; x_wconf 86' lang='lat' dir='ltr'><strong>saepe</strong></span> <span class='ocrx_word' id='word_1_171' title='bbox 768 2673 803 2722; x_wconf 92' lang='lat' dir='ltr'><strong>ut</strong></span> <span class='ocrx_word' id='word_1_172' title='bbox 832 2663 956 2744; x_wconf 84' lang='lat' dir='ltr'><strong>insignis</strong></span> <span class='ocrx_word' id='word_1_173' title='bbox 991 2660 1073 2722; x_wconf 90' lang='lat' dir='ltr'><strong>viros</strong></span> <span class='ocrx_word' id='word_1_174' title='bbox 1104 2663 1254 2722; x_wconf 88' lang='lat' dir='ltr'><strong>nominat.</strong></span> 
     </span>
     <span class='ocr_line' id='line_1_24' title="bbox 211 2765 1255 2853; baseline 0 -23"><span class='ocrx_word' id='word_1_175' title='bbox 211 2769 307 2830; x_wconf 82' lang='lat' dir='ltr'><strong>Asinii</strong></span> <span class='ocrx_word' id='word_1_176' title='bbox 330 2765 476 2832; x_wconf 88' lang='lat' dir='ltr'><strong>Pollionis</strong></span> <span class='ocrx_word' id='word_1_177' title='bbox 496 2771 608 2853; x_wconf 88' lang='lat' dir='ltr'><strong>scripta</strong></span> <span class='ocrx_word' id='word_1_178' title='bbox 634 2771 785 2852; x_wconf 82' lang='lat' dir='ltr'><strong>egregiam</strong></span> <span class='ocrx_word' id='word_1_179' title='bbox 805 2769 974 2834; x_wconf 87' lang='lat' dir='ltr'><strong>eorundem</strong></span> <span class='ocrx_word' id='word_1_180' title='bbox 993 2771 1171 2832; x_wconf 86' lang='lat' dir='ltr'><strong>memoriam</strong></span> <span class='ocrx_word' id='word_1_181' title='bbox 1192 2781 1255 2830; x_wconf 84' lang='lat' dir='ltr'><strong>tra·</strong></span> 
     </span>
     <span class='ocr_line' id='line_1_25' title="bbox 206 2865 1257 2960; baseline 0.001 -23"><span class='ocrx_word' id='word_1_182' title='bbox 206 2876 313 2953; x_wconf 75' lang='lat' dir='ltr'><strong>dunt3</strong></span> <span class='ocrx_word' id='word_1_183' title='bbox 334 2875 462 2936; x_wconf 87' lang='lat' dir='ltr'><strong>Messala</strong></span> <span class='ocrx_word' id='word_1_184' title='bbox 486 2876 640 2942; x_wconf 86' lang='lat' dir='ltr'><strong>Corvinus</strong></span> <span class='ocrx_word' id='word_1_185' title='bbox 656 2879 875 2958; x_wconf 86' lang='lat' dir='ltr'><strong>imperatorem</strong></span> <span class='ocrx_word' id='word_1_186' title='bbox 895 2898 984 2936; x_wconf 91' lang='lat' dir='ltr'><strong>suum</strong></span> <span class='ocrx_word' id='word_1_187' title='bbox 1007 2865 1146 2938; x_wconf 86' lang='lat' dir='ltr'><strong>Cassium</strong></span> <span class='ocrx_word' id='word_1_188' title='bbox 1164 2899 1257 2960; x_wconf 88' lang='lat' dir='ltr'><strong>prae·</strong></span> 
     </span>
     <span class='ocr_line' id='line_1_26' title="bbox 212 2985 1256 3068; baseline -0.004 -22"><span class='ocrx_word' id='word_1_189' title='bbox 212 2986 346 3062; x_wconf 86' lang='lat' dir='ltr'><strong>dicabat;</strong></span> <span class='ocrx_word' id='word_1_190' title='bbox 371 2994 403 3046; x_wconf 92' lang='lat' dir='ltr'><strong>et</strong></span> <span class='ocrx_word' id='word_1_191' title='bbox 423 2995 553 3068; x_wconf 91' lang='lat' dir='ltr'><strong>uterque</strong></span> <span class='ocrx_word' id='word_1_192' title='bbox 576 2985 744 3068; x_wconf 89' lang='lat' dir='ltr'><strong>opibusque</strong></span> <span class='ocrx_word' id='word_1_193' title='bbox 759 2998 850 3068; x_wconf 88' lang='lat' dir='ltr'><strong>atque</strong></span> <span class='ocrx_word' id='word_1_194' title='bbox 873 2985 1040 3046; x_wconf 89' lang='lat' dir='ltr'><strong>honoribus</strong></span> <span class='ocrx_word' id='word_1_195' title='bbox 1061 2986 1256 3068; x_wconf 83' lang='lat' dir='ltr'><strong>perviguere.</strong></span> 
     </span>
    </p>

    <p class='ocr_par' dir='ltr' id='par_1_5' title="bbox 147 3074 1321 3284">
     <span class='ocr_line' id='line_1_27' title="bbox 147 3074 1321 3178; baseline 0 -24"><span class='ocrx_word' id='word_1_196' title='bbox 147 3142 152 3146; x_wconf 87' lang='lat'><em>.</em></span> <span class='ocrx_word' id='word_1_197' title='bbox 213 3095 313 3158; x_wconf 88' lang='lat' dir='ltr'><strong>Marci</strong></span> <span class='ocrx_word' id='word_1_198' title='bbox 338 3091 495 3154; x_wconf 76' lang='lat' dir='ltr'><strong>Ciceronis</strong></span> <span class='ocrx_word' id='word_1_199' title='bbox 513 3091 620 3168; x_wconf 86' lang='lat' dir='ltr'><strong>libro,</strong></span> <span class='ocrx_word' id='word_1_200' title='bbox 643 3074 704 3175; x_wconf 83' lang='lat' dir='ltr'><strong>qun¹</strong></span> <span class='ocrx_word' id='word_1_201' title='bbox 725 3092 873 3154; x_wconf 86' lang='lat' dir='ltr'><strong>Catonem</strong></span> <span class='ocrx_word' id='word_1_202' title='bbox 895 3093 979 3154; x_wconf 87' lang='lat' dir='ltr'><strong>caelo</strong></span> <span class='ocrx_word' id='word_1_203' title='bbox 998 3095 1152 3178; x_wconf 85' lang='lat' dir='ltr'><strong>aequavit,</strong></span> <span class='ocrx_word' id='word_1_204' title='bbox 1177 3092 1251 3175; x_wconf 91' lang='lat' dir='ltr'><strong>quid</strong></span> <span class='ocrx_word' id='word_1_205' title='bbox 1277 3107 1321 3168; x_wconf 71' lang='lat'><strong>25</strong></span> 
     </span>
     <span class='ocr_line' id='line_1_28' title="bbox 216 3182 1261 3284; baseline -0.003 -20"><span class='ocrx_word' id='word_1_206' title='bbox 216 3203 302 3264; x_wconf 91' lang='lat' dir='ltr'><strong>aliud</strong></span> <span class='ocrx_word' id='word_1_207' title='bbox 323 3203 455 3264; x_wconf 88' lang='lat' dir='ltr'><strong>dictator</strong></span> <span class='ocrx_word' id='word_1_208' title='bbox 479 3202 592 3264; x_wconf 83' lang='lat' dir='ltr'><strong>Caesar</strong></span> <span class='ocrx_word' id='word_1_209' title='bbox 615 3182 709 3283; x_wconf 82' lang='lat' dir='ltr'><strong>quarn</strong></span> <span class='ocrx_word' id='word_1_210' title='bbox 726 3203 872 3284; x_wconf 86' lang='lat' dir='ltr'><strong>rescripta</strong></span> <span class='ocrx_word' id='word_1_211' title='bbox 898 3207 1056 3280; x_wconf 85' lang='lat' dir='ltr'><strong>oratione,</strong></span> <span class='ocrx_word' id='word_1_212' title='bbox 1075 3202 1159 3263; x_wconf 88' lang='lat' dir='ltr'><strong>velut</strong></span> <span class='ocrx_word' id='word_1_213' title='bbox 1179 3201 1261 3282; x_wconf 90' lang='lat' dir='ltr'><strong>apud</strong></span> 
     </span>
    </p>

    <p class='ocr_par' dir='ltr' id='par_1_6' title="bbox 146 3307 1425 3609">
     <span class='ocr_line' id='line_1_29' title="bbox 146 3307 1261 3401; baseline -0.005 -27"><span class='ocrx_word' id='word_1_214' title='bbox 146 3391 150 3401; x_wconf 28' lang='lat' dir='ltr'><em>f</em></span> <span class='ocrx_word' id='word_1_215' title='bbox 215 3313 350 3387; x_wconf 88' lang='lat' dir='ltr'><strong>iudices,</strong></span> <span class='ocrx_word' id='word_1_216' title='bbox 371 3312 550 3393; x_wconf 80' lang='lat' dir='ltr'><strong>respondit?</strong></span> <span class='ocrx_word' id='word_1_217' title='bbox 572 3311 699 3372; x_wconf 84' lang='lat' dir='ltr'><strong>Antonii</strong></span> <span class='ocrx_word' id='word_1_218' title='bbox 720 3310 884 3393; x_wconf 88' lang='lat' dir='ltr'><strong>epistulae,</strong></span> <span class='ocrx_word' id='word_1_219' title='bbox 904 3312 991 3372; x_wconf 88' lang='lat' dir='ltr'><strong>Bruti</strong></span> <span class='ocrx_word' id='word_1_220' title='bbox 1013 3313 1174 3372; x_wconf 88' lang='lat' dir='ltr'><strong>conciones</strong></span> <span class='ocrx_word' id='word_1_221' title='bbox 1203 3307 1261 3368; x_wconf 84' lang='lat' dir='ltr'><strong>fal-</strong></span> 
     </span>
     <span class='ocr_line' id='line_1_30' title="bbox 216 3416 1425 3504; baseline -0.009 -20"><span class='ocrx_word' id='word_1_222' title='bbox 216 3444 248 3484; x_wconf 89' lang='lat' dir='ltr'><strong>sa</strong></span> <span class='ocrx_word' id='word_1_223' title='bbox 272 3421 394 3504; x_wconf 91' lang='lat' dir='ltr'><strong>quidem</strong></span> <span class='ocrx_word' id='word_1_224' title='bbox 417 3424 447 3481; x_wconf 91' lang='lat' dir='ltr'><strong>in</strong></span> <span class='ocrx_word' id='word_1_225' title='bbox 463 3421 637 3503; x_wconf 75' lang='lat' dir='ltr'><strong>Augustum</strong></span> <span class='ocrx_word' id='word_1_226' title='bbox 657 3421 783 3502; x_wconf 83' lang='lat' dir='ltr'><strong>probra,</strong></span> <span class='ocrx_word' id='word_1_227' title='bbox 805 3419 859 3481; x_wconf 87' lang='lat' dir='ltr'><strong>sed</strong></span> <span class='ocrx_word' id='word_1_228' title='bbox 882 3419 1070 3480; x_wconf 78' lang='lat' dir='ltr'><strong>multarum</strong></span> <span class='ocrx_word' id='word_1_229' title='bbox 1094 3416 1265 3478; x_wconf 84' lang='lat' dir='ltr'><strong>acerbitate</strong></span> <span class='ocrx_word' id='word_1_230' title='bbox 1323 3493 1326 3504; x_wconf 41' lang='grc' dir='ltr'>Ι</span> <span class='ocrx_word' id='word_1_231' title='bbox 1423 3461 1425 3488; x_wconf 42' lang='lat'><em>2</em></span> 
     </span>
     <span class='ocr_line' id='line_1_31' title="bbox 216 3507 1425 3609; baseline -0.008 -17"><span class='ocrx_word' id='word_1_232' title='bbox 216 3531 349 3609; x_wconf 83' lang='lat' dir='ltr'><strong>habent3</strong></span> <span class='ocrx_word' id='word_1_233' title='bbox 380 3531 515 3592; x_wconf 89' lang='lat' dir='ltr'><strong>carmina</strong></span> <span class='ocrx_word' id='word_1_234' title='bbox 544 3527 686 3590; x_wconf 89' lang='lat' dir='ltr'><strong>Bibaculi</strong></span> <span class='ocrx_word' id='word_1_235' title='bbox 712 3539 743 3589; x_wconf 88' lang='lat' dir='ltr'><strong>et</strong></span> <span class='ocrx_word' id='word_1_236' title='bbox 778 3527 888 3590; x_wconf 87' lang='lat' dir='ltr'><strong>Catulli</strong></span> <span class='ocrx_word' id='word_1_237' title='bbox 923 3525 1035 3588; x_wconf 84' lang='lat' dir='ltr'><strong>referta</strong></span> <span class='ocrx_word' id='word_1_238' title='bbox 1065 3522 1263 3587; x_wconf 87' lang='lat' dir='ltr'><strong>contumeliis</strong></span> <span class='ocrx_word' id='word_1_239' title='bbox 1323 3507 1327 3544; x_wconf 67' lang='lat'><em>³</em></span> <span class='ocrx_word' id='word_1_240' title='bbox 1424 3521 1425 3532; x_wconf 72' lang='grc'>’</span> 
     </span>
    </p>
   </div>
   <div class='ocr_carea' id='block_1_4' title="bbox 214 3697 510 3712">
    <p class='ocr_par' dir='ltr' id='par_1_7' title="bbox 214 3697 510 3712">
     <span class='ocr_line' id='line_1_32' title="bbox 214 3697 510 3712; baseline -0.003 0"><span class='ocrx_word' id='word_1_241' title='bbox 214 3697 510 3712; x_wconf 58' lang='lat' dir='ltr'><strong>m</strong></span> 
     </span>
    </p>
   </div>
   <div class='ocr_carea' id='block_1_5' title="bbox 166 3782 1262 3934">
    <p class='ocr_par' dir='ltr' id='par_1_8' title="bbox 166 3782 1262 3934">
     <span class='ocr_line' id='line_1_33' title="bbox 302 3782 1262 3854; baseline -0.002 -16"><span class='ocrx_word' id='word_1_242' title='bbox 302 3799 328 3840; x_wconf 77' lang='lat' dir='ltr'><strong>a.</strong></span> <span class='ocrx_word' id='word_1_243' title='bbox 348 3787 451 3838; x_wconf 82' lang='lat' dir='ltr'><strong>animis</strong></span> <span class='ocrx_word' id='word_1_244' title='bbox 468 3783 517 3835; x_wconf 73' lang='lat' dir='ltr'><strong>Me</strong></span> <span class='ocrx_word' id='word_1_245' title='bbox 538 3784 621 3838; x_wconf 81' lang='lat' dir='ltr'><strong>nimis</strong></span> <span class='ocrx_word' id='word_1_246' title='bbox 640 3782 757 3851; x_wconf 82' lang='lat' dir='ltr'><strong>Lipsius.</strong></span> <span class='ocrx_word' id='word_1_247' title='bbox 795 3794 858 3834; x_wconf 82' lang='lat' dir='ltr'><strong>mox</strong></span> <span class='ocrx_word' id='word_1_248' title='bbox 878 3796 999 3854; x_wconf 70' lang='lat' dir='ltr'><strong>ancepm</strong></span> <span class='ocrx_word' id='word_1_249' title='bbox 1013 3783 1057 3838; x_wconf 78' lang='lat' dir='ltr'><strong>ta:</strong></span> <span class='ocrx_word' id='word_1_250' title='bbox 1085 3782 1124 3838; x_wconf 84' lang='lat' dir='ltr'><strong>ad</strong></span> <span class='ocrx_word' id='word_1_251' title='bbox 1149 3783 1262 3854; x_wconf 82' lang='lat' dir='ltr'><strong>incepta</strong></span> 
     </span>
     <span class='ocr_line' id='line_1_34' title="bbox 166 3878 779 3934; baseline -0.008 0"><span class='ocrx_word' id='word_1_252' title='bbox 166 3911 169 3919; x_wconf 50' lang='lat' dir='ltr'><em>s</em></span> <span class='ocrx_word' id='word_1_253' title='bbox 216 3878 376 3934; x_wconf 78' lang='lat' dir='ltr'><strong>Beroaldus.</strong></span> <span class='ocrx_word' id='word_1_254' title='bbox 778 3887 779 3892; x_wconf 78' lang='grc'>’</span> 
     </span>
    </p>
   </div>
   <div class='ocr_carea' id='block_1_6' title="bbox 287 3967 1313 4045">
    <p class='ocr_par' dir='ltr' id='par_1_9' title="bbox 287 3967 1313 4045">
     <span class='ocr_line' id='line_1_35' title="bbox 287 3967 1313 4045; baseline 0 -18"><span class='ocrx_word' id='word_1_255' title='bbox 287 3993 328 4028; x_wconf 81' lang='lat' dir='ltr'><strong>ar.</strong></span> <span class='ocrx_word' id='word_1_256' title='bbox 348 3973 509 4030; x_wconf 76' lang='lat' dir='ltr'><strong>vocabulum</strong></span> <span class='ocrx_word' id='word_1_257' title='bbox 527 3983 673 4042; x_wconf 74' lang='lat' dir='ltr'><strong>potentatur</strong></span> <span class='ocrx_word' id='word_1_258' title='bbox 690 3973 736 4042; x_wconf 77' lang='lat' dir='ltr'><strong>ld:</strong></span> <span class='ocrx_word' id='word_1_259' title='bbox 755 3972 894 4028; x_wconf 79' lang='lat' dir='ltr'><strong>vocabula</strong></span> <span class='ocrx_word' id='word_1_260' title='bbox 912 3974 1091 4045; x_wconf 74' lang='lat' dir='ltr'><strong>insponuntnr</strong></span> <span class='ocrx_word' id='word_1_261' title='bbox 1105 3971 1262 4034; x_wconf 77' lang='lat' dir='ltr'><strong>Beroaldus.</strong></span> <span class='ocrx_word' id='word_1_262' title='bbox 1308 3967 1313 3974; x_wconf 74' lang='grc'><strong>’</strong></span> 
     </span>
    </p>
   </div>
   <div class='ocr_carea' id='block_1_7' title="bbox 0 0 1448 4726">
    <p class='ocr_par' dir='ltr' id='par_1_10' title="bbox 0 0 1448 4726">
     <span class='ocr_line' id='line_1_36' title="bbox 0 0 1448 4726; baseline 0 0"><span class='ocrx_word' id='word_1_263' title='bbox 0 0 1448 4726; x_wconf 95' lang='lat' dir='ltr'><strong> </strong></span> 
     </span>
    </p>
   </div>
  </div>
 </body>
</html>
