2826 4730
1314 249 1331 288 ι

475 325 576 404 ¹uui.
603 325 654 385 ιιι.
700 323 786 383 aar.
812 276 944 392 ιιι-ιι.
1012 341 1019 356 ·
1186 331 1243 394 ιιι

191 523 313 574 marum
341 506 524 567 familiarum
554 509 698 591 imagines
724 505 873 570 antelatae
900 517 990 584 suut,
1015 506 1122 568 Manlii
1142 510 1236 586 Quin·
1255 512 1284 581 (a
1299 512 1393 584 Cas)

98 675 101 684 ,
143 628 147 632 ’
190 616 226 686 tii
252 613 372 696 aliaque
401 615 535 676 eiusdem
562 615 728 678 nobilitatis
754 617 900 678 nomina:
929 613 981 677 sed
1004 615 1261 700 praefulgebant

193 723 317 786 Cassius
339 733 429 806 atque
447 724 562 786 Brutus
585 747 621 786 eo
644 727 722 810 ipso,
740 724 824 806 quod
845 723 955 807 effigies
978 743 1083 786 eorum
1107 743 1168 826 nou
1191 727 1251 790 ri

125 817 132 834 ’
192 831 347 894 sebantur.

598 986 835 998 ‘ww-

476 1203 484 1216 x
541 1101 662 1201 traua
681 1121 895 1218 QUARTUS.

248 1330 435 1384 Breviorium.
454 1329 525 1382 Aelii
548 1330 644 1381 Seiani
661 1315 796 1398 praefecti
815 1331 955 1399 praetorio
975 1318 1116 1399 ingenium
1135 1335 1164 1382 et
1181 1345 1241 1382 mo-

195 1443 247 1478 res.
284 1427 308 1478 ls
326 1426 361 1479 ad
380 1425 597 1521 dominationem
616 1423 756 1494 adspirat;
775 1431 803 1476 et
821 1431 852 1476 ut
873 1424 1030 1494 perveniat,
1053 1404 1170 1476 Drusum
1190 1425 1240 1478 Ti-

196 1521 266 1574 bcrii
287 1521 372 1572 filium
397 1497 520 1572 erlrcdio
542 1519 635 1581 tollit,
653 1517 800 1571 adiuvante
819 1533 905 1570 uxore
924 1517 1016 1580 stra
1043 1535 1124 1588 quam
1147 1528 1241 1588 stupro

193 1617 271 1686 prius
289 1617 437 1708 polluerat.
474 1605 579 1673 Eidem
589 1615 638 1666 fini
656 1598 743 1665 castra
761 1599 899 1688 praetoria
923 1613 1028 1684 Romae
1039 1611 1119 1664 iubet
1137 1615 1241 1664 exstrui

195 1719 224 1762 et
244 1711 387 1762 militem'
380 1727 409 1761 ιιι
422 1726 513 1765 unum
531 1710 621 1796 locum
642 1709 769 1784 conduci
804 1707 845 1758 nb
865 1707 918 1757 hoc
934 1715 1060 1784 tempore
1078 1706 1197 1775 lapsae
1190 1687 1243 1767 iln-

192 1807 266 1874 perii
289 1821 345 1855 res:
365 1795 523 1878 ideoque
504 1807 552 1874 qui
573 1784 656 1856 stolus
683 1811 749 1854 tune
775 1817 883 1866 rerum,
911 1803 973 1872 quis
999 1817 1147 1862 uumerus,
1171 1817 1242 1872 quae

193 1900 255 1950 loca
275 1876 429 1975 cohortium
447 1905 475 1949 et
499 1897 654 1966 legionum,
686 1898 798 1950 Tacltus
825 1879 981 1968 opportune
1002 1899 1170 1970 exsequitur.
1208 1901 1244 1950 dt

109 2011 122 2024 ‘
194 1967 313 2045 Druso
306 2009 359 2070 sam
377 1983 483 2068 mortuo
507 1999 633 2044 senatum
659 1996 787 2064 princeps
815 1993 984 2062 ingreditur,
1016 2011 1077 2048 eum
1107 1999 1242 2046 maestum

196 2090 333 2175 erigit,
318 2063 474 2144 Germanici
496 2087 563 2141 duos
586 2089 657 2140 filios
678 2088 804 2148 inducit,
825 2103 928 2158 eosque
950 2091 1005 2140 ut
995 2089 1106 2160 imperii
1126 2079 1243 2140 heredes

195 2181 323 2254 patribus
341 2174 520 2234 commendat
558 2183 673 2254 Seianus
700 2201 756 2253 quo
776 2183 912 2236 destinato
932 2183 1094 2252 perficeret,
1114 2183 1242 2254 Agrippi·

137 2333 146 2350 ,1
194 2295 260 2330 nam
279 2277 379 2331 callide
398 2277 595 2341 calumniatur,
614 2289 643 2332 et
665 2280 769 2331 semina
787 2279 874 2332 futuri
895 2279 980 2331 odii'
971 2297 1001 2332 ιιι
1020 2281 1106 2349 ipsam
1124 2279 1244 2330 liberos-

196 2389 252 2444 que
272 2375 345 2424 iacit.
387 2371 517 2426 Tiberius
537 2373 689 2442 legationes
709 2382 737 2424 ct
763 2377 949 2428 accusationes
976 2377 1084 2446 aliquot
1100 2377 1244 2429 civitatum

199 2477 231 2521 et
248 2467 451 2538 provinciarum
466 2469 551 2522 audit.
591 2469 744 2520 Histrioucs
770 2471 827 2522 sive
837 2463 1027 2564 pantomimos
1052 2468 1244 2549 immodestius

197 2571 310 2631 agentes
329 2564 408 2616 ltalia
427 2555 527 2644 pellit
554 2563 602 2618 De
612 2563 723 2615 flamine
742 2563 815 2615 Diali
842 2566 957 2638 eiusque
982 2555 1156 2650 caerimoniis
1175 2537 1247 2616 teni-

195 2657 328 2728 perandis
347 2655 417 2712 aava
436 2659 481 2710 lex
495 2661 564 2712 lata
600 2655 762 2713 Sacerdotes
783 2657 945 2726 solennibus
971 2642 1042 2712 votis
1070 2642 1153 2713 etiam
1171 2661 1245 2710 Dru

197 2771 259 2805 sum
279 2763 308 2806 et
328 2755 468 2808 Neronem
484 2754 538 2808 diis
556 2754 824 2810 commendaverant.
860 2757 945 2824 Aegre
962 2753 991 2804 id
1012 2752 1143 2806 Tiberius
1161 2752 1246 2815 tulit,

199 2856 232 2900 et
249 2849 361 2902 initium
380 2851 410 2902 in
430 2865 476 2902 eos
494 2851 575 2902 exitii
592 2853 654 2902 suit.
694 2852 779 2902 Gaius
806 2851 890 2902 Silius
915 2866 948 2900 ex
970 2849 1064 2902 amicis
1090 2847 1247 2900 Germanici

198 2943 352 2996 damnatus.
390 2929 597 3007 Gnaeusl’iso,
617 2930 848 3009 Galus‘Cassius,
868 2945 989 2996 Plautius
1014 2942 1142 2996 Silvanus
1168 2956 1247 2994 acau-

200 3039 254 3090 sati
275 3047 324 3090 aut
343 3039 474 3094 damuati.
510 3041 541 3091 ln
559 3039 650 3092 Africa
669 3043 849 3096 'Pacsarinatis
878 3041 953 3092 bello
973 3041 1035 3092 fluis
1067 3031 1248 3107 impositura

199 3133 299 3184 Publio
323 3136 482 3204 Dolabella3
511 3140 570 3208 ipse
590 3137 746 3200 Tacfarinas
764 3153 868 3191 caesus.
904 3135 1013 3189 Semina
1033 3134 1292 3208 servilisutotusl⁴
1364 3177 1375 3206 ,Ι

200 3229 353 3295 intralia,
373 3213 421 3284 sed
441 3232 531 3288 statim
549 3249 685 3308 oppressa
706 3234 827 3312 Quintus
845 3231 945 3284 Vibius
963 3230 1081 3284 Serenus
1100 3229 1129 3280 in
1150 3232 1247 3280 senatu
1286 3217 1288 3223 ’
1326 3293 1329 3300 .

164 3369 167 3376 .
204 3341 219 3375 a
240 3323 298 3376 tilio
318 3333 461 3382 accusatur
477 3337 505 3380 et
523 3331 668 3398 Amorgum
688 3334 835 3381 amovetur.
853 3337 857 3348 '
875 3325 988 3378 Publius
1007 3323 1122 3378 Suillius
1143 3321 1247 3392 aliique

204 3417 386 3475 damnantur.¹
417 3425 492 3476 luter
512 3439 558 3476 eos
580 3425 735 3476 Cremutius
755 3423 858 3476 Cordus
877 3409 1011 3474 bistdriae
1029 3419 1154 3488 scriptor,
1173 3415 1250 3486 quod

196 3513 315 3566 'brutum
335 3526 363 3570 et
381 3517 505 3572 Cassium
526 3519 702 3584 laudavisset,
721 3515 835 3589 eius'que
861 3516 927 3571 libri
955 3513 1102 3566 combusii·
1136 3509 1249 3580 ‘Cyzice-

157 3647 161 3657 ,
203 3609 248 3661 nis
266 3609 381 3664 libertas
403 3613 541 3685 adempta.
567 3616 687 3687 ·'l‘empli
706 3615 839 3668 bonorem
857 3612 892 3663 ab
910 3611 1040 3680 Hispanis
1059 3609 1181 3664 oblatum
1200 3610 1250 3662 Ti·

202 3703 301 3762 beriua
317 3687 430 3785 speruit.
467 3710 582 3766 Seianus
601 3711 736 3766 rebusrsx
755 3718 821 3766 roto
851 3706 942 3764 athar
971 3703 1122 3762 fluentibus
1148 3706 1249 3760 altiora

202 3801 305 3862 struit,
325 3810 352 3854 et
371 3803 475 3856 Liviam
494 3803 547 3858 sibi
567 3823 678 3858 uxorem
698 3821 712 3854 a
731 3787 856 3876 principe
874 3805 954 3871 petit.
990 3801 1040 3853 Hic
1061 3803 1183 3856 modeste
1201 3821 1251 3854 ue-

203 3906 249 3964 gat
267 3897 371 3950 additis
392 3901 488 3951 causis¹
528 3899 581 3952 sed
603 3903 650 3952 ille
669 3908 700 3950 ut
717 3900 868 3968 potentiam
889 3897 942 3949 sibi
970 3905 1082 3966 augeret
1109 3899 1249 3967 magisque

194 4001 391 4061 opportunum
416 3994 559 4049 Tiberium
586 3996 717 4057 haberet,
756 3995 878 4063 perpulit
896 4009 957 4043 eum
990 3995 1023 4042 ad
1056 3989 1189 4046 secessaim
1214 3991 1248 4043 ab
1333 4025 1335 4030 ,

997 4183 1010 4213 Ι
