<?xml version="1.0" encoding="UTF-8"?>
<!DOCTYPE html PUBLIC "-//W3C//DTD XHTML 1.0 Transitional//EN"
    "http://www.w3.org/TR/xhtml1/DTD/xhtml1-transitional.dtd">
<html xmlns="http://www.w3.org/1999/xhtml" xml:lang="en" lang="en">
 <head>
  <title>
</title>
<meta http-equiv="Content-Type" content="text/html;charset=utf-8" />
  <meta name='ocr-system' content='tesseract 3.04.00' />
  <meta name='ocr-capabilities' content='ocr_page ocr_carea ocr_par ocr_line ocrx_word'/>
</head>
<body>
  <div class='ocr_page' id='page_1' title='image "./ccorneliitaciti00rittgoog_0102.png"; bbox 0 0 2826 4730; ppageno 0'>
   <div class='ocr_carea' id='block_1_1' title="bbox 217 247 836 342">
    <p class='ocr_par' dir='ltr' id='par_1_1' title="bbox 217 247 836 342">
     <span class='ocr_line' id='line_1_1' title="bbox 217 247 836 342; baseline -0.015 0"><span class='ocrx_word' id='word_1_1' title='bbox 217 247 257 342; x_wconf 75' lang='lat' dir='ltr'><strong>eo</strong></span> <span class='ocrx_word' id='word_1_2' title='bbox 620 248 836 334; x_wconf 75' lang='lat' dir='ltr'><strong>auratum</strong></span> 
     </span>
    </p>
   </div>
   <div class='ocr_carea' id='block_1_2' title="bbox 69 454 1358 3240">
    <p class='ocr_par' dir='ltr' id='par_1_2' title="bbox 69 454 1255 551">
     <span class='ocr_line' id='line_1_2' title="bbox 69 454 1255 551; baseline 0.001 -31"><span class='ocrx_word' id='word_1_3' title='bbox 69 473 139 551; x_wconf 57' lang='lat' dir='ltr'><strong>(ac</strong></span> <span class='ocrx_word' id='word_1_4' title='bbox 155 479 325 551; x_wconf 57' lang='lat' dir='ltr'><strong>mpetum</strong></span> <span class='ocrx_word' id='word_1_5' title='bbox 346 467 502 539; x_wconf 81' lang='lat' dir='ltr'><strong>parentur,</strong></span> <span class='ocrx_word' id='word_1_6' title='bbox 526 457 582 516; x_wconf 89' lang='lat' dir='ltr'><strong>nisi</strong></span> <span class='ocrx_word' id='word_1_7' title='bbox 606 457 687 518; x_wconf 82' lang='lat' dir='ltr'><strong>forte</strong></span> <span class='ocrx_word' id='word_1_8' title='bbox 706 455 875 516; x_wconf 87' lang='lat' dir='ltr'><strong>clarissimo</strong></span> <span class='ocrx_word' id='word_1_9' title='bbox 897 454 1008 538; x_wconf 83' lang='lat' dir='ltr'><strong>cuique</strong></span> <span class='ocrx_word' id='word_1_10' title='bbox 1028 455 1133 538; x_wconf 84' lang='lat' dir='ltr'><strong>plures</strong></span> <span class='ocrx_word' id='word_1_11' title='bbox 1155 479 1255 536; x_wconf 83' lang='lat' dir='ltr'><strong>curas,</strong></span> 
     </span>
    </p>

    <p class='ocr_par' dir='ltr' id='par_1_3' title="bbox 106 549 1358 756">
     <span class='ocr_line' id='line_1_3' title="bbox 215 549 1284 662; baseline -0.005 -35"><span class='ocrx_word' id='word_1_12' title='bbox 215 569 329 627; x_wconf 89' lang='lat' dir='ltr'><strong>maiora</strong></span> <span class='ocrx_word' id='word_1_13' title='bbox 351 567 484 647; x_wconf 88' lang='lat' dir='ltr'><strong>pericula</strong></span> <span class='ocrx_word' id='word_1_14' title='bbox 507 565 685 641; x_wconf 89' lang='lat' dir='ltr'><strong>subeunda,</strong></span> <span class='ocrx_word' id='word_1_15' title='bbox 712 549 922 628; x_wconf 81' lang='lat' dir='ltr'><strong>delenimentis</strong></span> <span class='ocrx_word' id='word_1_16' title='bbox 956 585 1099 626; x_wconf 90' lang='lat' dir='ltr'><strong>curarum</strong></span> <span class='ocrx_word' id='word_1_17' title='bbox 1120 573 1150 624; x_wconf 88' lang='lat' dir='ltr'><strong>et</strong></span> <span class='ocrx_word' id='word_1_18' title='bbox 1169 564 1284 662; x_wconf 29' lang='lat' dir='ltr'><strong>peri-¹·¹</strong></span> 
     </span>
     <span class='ocr_line' id='line_1_4' title="bbox 106 646 1358 756; baseline -0.008 -19"><span class='ocrx_word' id='word_1_19' title='bbox 106 750 114 756; x_wconf 80' lang='lat'><strong>.</strong></span> <span class='ocrx_word' id='word_1_20' title='bbox 214 677 356 737; x_wconf 88' lang='lat' dir='ltr'><strong>culorum</strong></span> <span class='ocrx_word' id='word_1_21' title='bbox 387 677 550 738; x_wconf 85' lang='lat' dir='ltr'><strong>carendum</strong></span> <span class='ocrx_word' id='word_1_22' title='bbox 587 699 660 744; x_wconf 90' lang='lat' dir='ltr'><strong>esse</strong></span> <span class='ocrx_word' id='word_1_23' title='bbox 714 676 852 738; x_wconf 85' lang='lat' dir='ltr'><strong>Facilem</strong></span> <span class='ocrx_word' id='word_1_24' title='bbox 878 697 1031 736; x_wconf 80' lang='lat' dir='ltr'>assensum</span> <span class='ocrx_word' id='word_1_25' title='bbox 1066 669 1156 734; x_wconf 87' lang='lat' dir='ltr'><strong>Gallo</strong></span> <span class='ocrx_word' id='word_1_26' title='bbox 1199 646 1284 730; x_wconf 79' lang='lat' dir='ltr'><strong>sub</strong></span> <span class='ocrx_word' id='word_1_27' title='bbox 1355 733 1358 737; x_wconf 57' lang='grc'><strong><em>,</em></strong></span> 
     </span>
    </p>

    <p class='ocr_par' dir='ltr' id='par_1_4' title="bbox 213 775 1311 1628">
     <span class='ocr_line' id='line_1_5' title="bbox 216 775 1256 848; baseline -0.01 -4"><span class='ocrx_word' id='word_1_28' title='bbox 216 785 391 845; x_wconf 89' lang='lat' dir='ltr'><strong>nominibus</strong></span> <span class='ocrx_word' id='word_1_29' title='bbox 411 785 546 846; x_wconf 81' lang='lat' dir='ltr'><strong>honestis</strong></span> <span class='ocrx_word' id='word_1_30' title='bbox 567 786 714 848; x_wconf 86' lang='lat' dir='ltr'><strong>consessio</strong></span> <span class='ocrx_word' id='word_1_31' title='bbox 734 787 877 846; x_wconf 83' lang='lat' dir='ltr'><strong>vitiorum</strong></span> <span class='ocrx_word' id='word_1_32' title='bbox 892 796 922 844; x_wconf 89' lang='lat' dir='ltr'><strong>et</strong></span> <span class='ocrx_word' id='word_1_33' title='bbox 944 781 1109 844; x_wconf 71' lang='lat' dir='ltr'><strong>similitudo</strong></span> <span class='ocrx_word' id='word_1_34' title='bbox 1124 775 1256 836; x_wconf 87' lang='lat' dir='ltr'><strong>audien</strong></span> 
     </span>
     <span class='ocr_line' id='line_1_6' title="bbox 216 861 1309 976; baseline -0.002 -26"><span class='ocrx_word' id='word_1_35' title='bbox 216 893 292 950; x_wconf 89' lang='lat' dir='ltr'><strong>tium</strong></span> <span class='ocrx_word' id='word_1_36' title='bbox 326 890 419 952; x_wconf 83' lang='lat' dir='ltr'><strong>dedit.</strong></span> <span class='ocrx_word' id='word_1_37' title='bbox 473 891 640 961; x_wconf 80' lang='lat' dir='ltr'><strong>Adiecerat</strong></span> <span class='ocrx_word' id='word_1_38' title='bbox 671 904 701 954; x_wconf 90' lang='lat' dir='ltr'><strong>et</strong></span> <span class='ocrx_word' id='word_1_39' title='bbox 730 861 874 952; x_wconf 85' lang='lat' dir='ltr'><strong>Tiberius</strong></span> <span class='ocrx_word' id='word_1_40' title='bbox 903 913 964 952; x_wconf 93' lang='lat' dir='ltr'><strong>non</strong></span> <span class='ocrx_word' id='word_1_41' title='bbox 989 889 1021 949; x_wconf 90' lang='lat' dir='ltr'><strong>id</strong></span> <span class='ocrx_word' id='word_1_42' title='bbox 1042 900 1162 970; x_wconf 89' lang='lat' dir='ltr'><strong>tempus</strong></span> <span class='ocrx_word' id='word_1_43' title='bbox 1185 885 1309 976; x_wconf 21' lang='lat' dir='ltr'><strong>oen-5)</strong></span> 
     </span>
     <span class='ocr_line' id='line_1_7' title="bbox 216 991 1257 1080; baseline -0.008 -22"><span class='ocrx_word' id='word_1_44' title='bbox 216 1018 316 1069; x_wconf 87' lang='lat' dir='ltr'><strong>surae,</strong></span> <span class='ocrx_word' id='word_1_45' title='bbox 340 1019 407 1074; x_wconf 91' lang='lat' dir='ltr'><strong>nec,</strong></span> <span class='ocrx_word' id='word_1_46' title='bbox 429 999 454 1058; x_wconf 87' lang='lat' dir='ltr'><strong>si</strong></span> <span class='ocrx_word' id='word_1_47' title='bbox 478 999 550 1080; x_wconf 90' lang='lat' dir='ltr'><strong>quid</strong></span> <span class='ocrx_word' id='word_1_48' title='bbox 575 1001 604 1058; x_wconf 91' lang='lat' dir='ltr'><strong>in</strong></span> <span class='ocrx_word' id='word_1_49' title='bbox 637 999 774 1060; x_wconf 89' lang='lat' dir='ltr'><strong>moribus</strong></span> <span class='ocrx_word' id='word_1_50' title='bbox 799 997 936 1071; x_wconf 88' lang='lat' dir='ltr'><strong>labaret,</strong></span> <span class='ocrx_word' id='word_1_51' title='bbox 960 997 1137 1057; x_wconf 88' lang='lat' dir='ltr'><strong>defuturum</strong></span> <span class='ocrx_word' id='word_1_52' title='bbox 1160 991 1257 1054; x_wconf 90' lang='lat' dir='ltr'><strong>corri-</strong></span> 
     </span>
     <span class='ocr_line' id='line_1_8' title="bbox 216 1081 1311 1195; baseline -0.002 -29"><span class='ocrx_word' id='word_1_53' title='bbox 216 1105 306 1195; x_wconf 83' lang='lat' dir='ltr'><strong>gendi</strong></span> <span class='ocrx_word' id='word_1_54' title='bbox 324 1110 489 1170; x_wconf 82' lang='lat' dir='ltr'><strong>auctorem.</strong></span> <span class='ocrx_word' id='word_1_55' title='bbox 517 1105 603 1166; x_wconf 88' lang='lat' dir='ltr'><strong>lnter</strong></span> <span class='ocrx_word' id='word_1_56' title='bbox 622 1128 702 1188; x_wconf 87' lang='lat' dir='ltr'><strong>quae</strong></span> <span class='ocrx_word' id='word_1_57' title='bbox 722 1107 835 1166; x_wconf 87' lang='lat' dir='ltr'><strong>Lucius</strong></span> <span class='ocrx_word' id='word_1_58' title='bbox 850 1107 921 1166; x_wconf 92' lang='lat' dir='ltr'><strong>Piso</strong></span> <span class='ocrx_word' id='word_1_59' title='bbox 935 1082 1084 1165; x_wconf 85' lang='lat' dir='ltr'><strong>ambitum</strong></span> <span class='ocrx_word' id='word_1_60' title='bbox 1097 1105 1168 1182; x_wconf 84' lang='lat' dir='ltr'><strong>lori,</strong></span> <span class='ocrx_word' id='word_1_61' title='bbox 1186 1081 1311 1164; x_wconf 58' lang='lat' dir='ltr'><strong>cor-34</strong></span> 
     </span>
     <span class='ocr_line' id='line_1_9' title="bbox 213 1213 1258 1296; baseline -0.003 -23"><span class='ocrx_word' id='word_1_62' title='bbox 213 1225 303 1296; x_wconf 83' lang='lat' dir='ltr'><strong>rupta</strong></span> <span class='ocrx_word' id='word_1_63' title='bbox 325 1213 446 1288; x_wconf 87' lang='lat' dir='ltr'><strong>iudicia,</strong></span> <span class='ocrx_word' id='word_1_64' title='bbox 472 1218 627 1274; x_wconf 88' lang='lat' dir='ltr'><strong>saevitiam</strong></span> <span class='ocrx_word' id='word_1_65' title='bbox 641 1226 800 1274; x_wconf 83' lang='lat' dir='ltr'><strong>oratorum</strong></span> <span class='ocrx_word' id='word_1_66' title='bbox 823 1213 1031 1276; x_wconf 81' lang='lat' dir='ltr'><strong>accusationes</strong></span> <span class='ocrx_word' id='word_1_67' title='bbox 1052 1214 1258 1274; x_wconf 83' lang='lat' dir='ltr'><strong>minitantium</strong></span> 
     </span>
     <span class='ocr_line' id='line_1_10' title="bbox 214 1321 1256 1405; baseline 0 -23"><span class='ocrx_word' id='word_1_68' title='bbox 214 1325 387 1404; x_wconf 88' lang='lat' dir='ltr'><strong>increpans,</strong></span> <span class='ocrx_word' id='word_1_69' title='bbox 410 1324 495 1386; x_wconf 89' lang='lat' dir='ltr'><strong>abire</strong></span> <span class='ocrx_word' id='word_1_70' title='bbox 518 1346 550 1385; x_wconf 90' lang='lat' dir='ltr'><strong>se</strong></span> <span class='ocrx_word' id='word_1_71' title='bbox 570 1337 600 1384; x_wconf 88' lang='lat' dir='ltr'><strong>et</strong></span> <span class='ocrx_word' id='word_1_72' title='bbox 621 1324 729 1384; x_wconf 81' lang='lat' dir='ltr'><strong>cedere</strong></span> <span class='ocrx_word' id='word_1_73' title='bbox 749 1325 840 1401; x_wconf 88' lang='lat' dir='ltr'><strong>urbe,</strong></span> <span class='ocrx_word' id='word_1_74' title='bbox 862 1323 1013 1384; x_wconf 88' lang='lat' dir='ltr'><strong>victurum</strong></span> <span class='ocrx_word' id='word_1_75' title='bbox 1031 1325 1062 1383; x_wconf 90' lang='lat' dir='ltr'><strong>in</strong></span> <span class='ocrx_word' id='word_1_76' title='bbox 1078 1323 1179 1405; x_wconf 88' lang='lat' dir='ltr'><strong>aliquo</strong></span> <span class='ocrx_word' id='word_1_77' title='bbox 1201 1321 1256 1382; x_wconf 90' lang='lat' dir='ltr'><strong>ab·</strong></span> 
     </span>
     <span class='ocr_line' id='line_1_11' title="bbox 214 1426 1305 1511; baseline -0.005 -20"><span class='ocrx_word' id='word_1_78' title='bbox 214 1431 279 1492; x_wconf 92' lang='lat' dir='ltr'><strong>dito</strong></span> <span class='ocrx_word' id='word_1_79' title='bbox 302 1443 332 1491; x_wconf 90' lang='lat' dir='ltr'><strong>et</strong></span> <span class='ocrx_word' id='word_1_80' title='bbox 352 1431 519 1511; x_wconf 88' lang='lat' dir='ltr'><strong>longinquo</strong></span> <span class='ocrx_word' id='word_1_81' title='bbox 542 1451 613 1489; x_wconf 89' lang='lat' dir='ltr'><strong>rure</strong></span> <span class='ocrx_word' id='word_1_82' title='bbox 634 1429 831 1507; x_wconf 88' lang='lat' dir='ltr'><strong>testabatur;</strong></span> <span class='ocrx_word' id='word_1_83' title='bbox 852 1427 943 1490; x_wconf 90' lang='lat' dir='ltr'><strong>simul</strong></span> <span class='ocrx_word' id='word_1_84' title='bbox 965 1433 1079 1490; x_wconf 89' lang='lat' dir='ltr'><strong>curiam</strong></span> <span class='ocrx_word' id='word_1_85' title='bbox 1102 1426 1255 1508; x_wconf 86' lang='lat' dir='ltr'><strong>relinque·</strong></span> <span class='ocrx_word' id='word_1_86' title='bbox 1271 1447 1305 1485; x_wconf 86' lang='lat' dir='ltr'><strong>ro</strong></span> 
     </span>
     <span class='ocr_line' id='line_1_12' title="bbox 214 1535 1258 1628; baseline -0.003 -30"><span class='ocrx_word' id='word_1_87' title='bbox 214 1539 279 1602; x_wconf 83' lang='lat' dir='ltr'><strong>bat.</strong></span> <span class='ocrx_word' id='word_1_88' title='bbox 323 1537 501 1598; x_wconf 87' lang='lat' dir='ltr'><strong>Commotus</strong></span> <span class='ocrx_word' id='word_1_89' title='bbox 521 1547 566 1597; x_wconf 90' lang='lat' dir='ltr'><strong>est</strong></span> <span class='ocrx_word' id='word_1_90' title='bbox 590 1537 752 1614; x_wconf 88' lang='lat' dir='ltr'><strong>Tiberius,</strong></span> <span class='ocrx_word' id='word_1_91' title='bbox 790 1547 820 1598; x_wconf 90' lang='lat' dir='ltr'><strong>et</strong></span> <span class='ocrx_word' id='word_1_92' title='bbox 840 1539 1017 1628; x_wconf 79' lang='lat' dir='ltr'><strong>quanquam</strong></span> <span class='ocrx_word' id='word_1_93' title='bbox 1038 1535 1164 1596; x_wconf 88' lang='lat' dir='ltr'><strong>mitibus</strong></span> <span class='ocrx_word' id='word_1_94' title='bbox 1187 1557 1258 1595; x_wconf 88' lang='lat' dir='ltr'><strong>ver·</strong></span> 
     </span>
    </p>

    <p class='ocr_par' dir='ltr' id='par_1_5' title="bbox 133 1645 1260 1728">
     <span class='ocr_line' id='line_1_13' title="bbox 133 1645 1260 1728; baseline -0.003 -22"><span class='ocrx_word' id='word_1_95' title='bbox 133 1699 136 1714; x_wconf 86' lang='grc'>,</span> <span class='ocrx_word' id='word_1_96' title='bbox 214 1645 262 1706; x_wconf 87' lang='lat' dir='ltr'><strong>bis</strong></span> <span class='ocrx_word' id='word_1_97' title='bbox 280 1647 422 1706; x_wconf 89' lang='lat' dir='ltr'><strong>Pisonem</strong></span> <span class='ocrx_word' id='word_1_98' title='bbox 446 1645 660 1727; x_wconf 81' lang='lat' dir='ltr'><strong>permulsisset,</strong></span> <span class='ocrx_word' id='word_1_99' title='bbox 683 1646 875 1728; x_wconf 84' lang='lat' dir='ltr'><strong>propinquos</strong></span> <span class='ocrx_word' id='word_1_100' title='bbox 899 1665 1021 1728; x_wconf 90' lang='lat' dir='ltr'><strong>quoque</strong></span> <span class='ocrx_word' id='word_1_101' title='bbox 1042 1646 1107 1705; x_wconf 90' lang='lat' dir='ltr'><strong>eius</strong></span> <span class='ocrx_word' id='word_1_102' title='bbox 1125 1645 1260 1726; x_wconf 81' lang='lat' dir='ltr'><strong>impulit,</strong></span> 
     </span>
    </p>

    <p class='ocr_par' dir='ltr' id='par_1_6' title="bbox 136 1753 1307 2481">
     <span class='ocr_line' id='line_1_14' title="bbox 136 1753 1260 1838; baseline -0.005 -21"><span class='ocrx_word' id='word_1_103' title='bbox 136 1793 141 1800; x_wconf 46' lang='grc' dir='ltr'><em>ι</em></span> <span class='ocrx_word' id='word_1_104' title='bbox 215 1767 249 1817; x_wconf 92' lang='lat' dir='ltr'><strong>ut</strong></span> <span class='ocrx_word' id='word_1_105' title='bbox 270 1755 433 1817; x_wconf 86' lang='lat' dir='ltr'><strong>abeuntem</strong></span> <span class='ocrx_word' id='word_1_106' title='bbox 455 1759 636 1818; x_wconf 88' lang='lat' dir='ltr'><strong>auctoritate</strong></span> <span class='ocrx_word' id='word_1_107' title='bbox 659 1755 707 1818; x_wconf 88' lang='lat' dir='ltr'><strong>vel</strong></span> <span class='ocrx_word' id='word_1_108' title='bbox 727 1755 869 1838; x_wconf 89' lang='lat' dir='ltr'><strong>precibus</strong></span> <span class='ocrx_word' id='word_1_109' title='bbox 881 1764 1033 1816; x_wconf 85' lang='lat' dir='ltr'><strong>tenerent.</strong></span> <span class='ocrx_word' id='word_1_110' title='bbox 1055 1753 1146 1814; x_wconf 83' lang='lat' dir='ltr'><strong>Haud</strong></span> <span class='ocrx_word' id='word_1_111' title='bbox 1159 1753 1260 1812; x_wconf 87' lang='lat' dir='ltr'><strong>minus</strong></span> 
     </span>
     <span class='ocr_line' id='line_1_15' title="bbox 215 1860 1259 1924; baseline -0.004 0"><span class='ocrx_word' id='word_1_112' title='bbox 215 1863 304 1924; x_wconf 92' lang='lat' dir='ltr'><strong>liberi</strong></span> <span class='ocrx_word' id='word_1_113' title='bbox 324 1863 439 1924; x_wconf 90' lang='lat' dir='ltr'><strong>doloris</strong></span> <span class='ocrx_word' id='word_1_114' title='bbox 460 1863 680 1924; x_wconf 89' lang='lat' dir='ltr'><strong>documentum</strong></span> <span class='ocrx_word' id='word_1_115' title='bbox 702 1863 784 1924; x_wconf 91' lang='lat' dir='ltr'><strong>idem</strong></span> <span class='ocrx_word' id='word_1_116' title='bbox 809 1865 881 1924; x_wconf 87' lang='lat' dir='ltr'><strong>Piso</strong></span> <span class='ocrx_word' id='word_1_117' title='bbox 900 1883 970 1922; x_wconf 86' lang='lat' dir='ltr'><strong>mox</strong></span> <span class='ocrx_word' id='word_1_118' title='bbox 994 1860 1079 1922; x_wconf 84' lang='lat' dir='ltr'><strong>dedit</strong></span> <span class='ocrx_word' id='word_1_119' title='bbox 1097 1872 1206 1920; x_wconf 88' lang='lat' dir='ltr'><strong>vocata</strong></span> <span class='ocrx_word' id='word_1_120' title='bbox 1226 1862 1259 1920; x_wconf 89' lang='lat' dir='ltr'><strong>in</strong></span> 
     </span>
     <span class='ocr_line' id='line_1_16' title="bbox 216 1957 1307 2052; baseline -0.004 -22"><span class='ocrx_word' id='word_1_121' title='bbox 216 1971 262 2030; x_wconf 89' lang='lat' dir='ltr'><strong>ius</strong></span> <span class='ocrx_word' id='word_1_122' title='bbox 285 1969 466 2052; x_wconf 77' lang='lat' dir='ltr'><strong>Urgulania,</strong></span> <span class='ocrx_word' id='word_1_123' title='bbox 490 1992 582 2052; x_wconf 89' lang='lat' dir='ltr'><strong>quam</strong></span> <span class='ocrx_word' id='word_1_124' title='bbox 604 1992 696 2052; x_wconf 89' lang='lat' dir='ltr'><strong>supra</strong></span> <span class='ocrx_word' id='word_1_125' title='bbox 727 1969 809 2050; x_wconf 85' lang='lat' dir='ltr'><strong>leges</strong></span> <span class='ocrx_word' id='word_1_126' title='bbox 830 1969 961 2028; x_wconf 91' lang='lat' dir='ltr'><strong>amicitia</strong></span> <span class='ocrx_word' id='word_1_127' title='bbox 985 1967 1148 2049; x_wconf 44' lang='lat' dir='ltr'><strong>&#39;Augustae</strong></span> <span class='ocrx_word' id='word_1_128' title='bbox 1170 1957 1307 2027; x_wconf 80' lang='lat' dir='ltr'><strong>extu-15</strong></span> 
     </span>
     <span class='ocr_line' id='line_1_17' title="bbox 215 2075 1259 2159; baseline -0.003 -20"><span class='ocrx_word' id='word_1_129' title='bbox 215 2077 304 2139; x_wconf 89' lang='lat' dir='ltr'><strong>lerat.</strong></span> <span class='ocrx_word' id='word_1_130' title='bbox 347 2079 408 2138; x_wconf 87' lang='lat' dir='ltr'><strong>Ner</strong></span> <span class='ocrx_word' id='word_1_131' title='bbox 429 2084 482 2138; x_wconf 78' lang='lat' dir='ltr'><strong>au&#39;t</strong></span> <span class='ocrx_word' id='word_1_132' title='bbox 507 2077 677 2159; x_wconf 80' lang='lat' dir='ltr'><strong>Urgulania</strong></span> <span class='ocrx_word' id='word_1_133' title='bbox 699 2077 933 2157; x_wconf 86' lang='lat' dir='ltr'><strong>obtemperavit,</strong></span> <span class='ocrx_word' id='word_1_134' title='bbox 957 2077 989 2136; x_wconf 93' lang='lat' dir='ltr'><strong>in</strong></span> <span class='ocrx_word' id='word_1_135' title='bbox 1013 2076 1140 2137; x_wconf 89' lang='lat' dir='ltr'><strong>domum</strong></span> <span class='ocrx_word' id='word_1_136' title='bbox 1150 2075 1259 2136; x_wconf 71' lang='lat' dir='ltr'><strong>Cama-</strong></span> 
     </span>
     <span class='ocr_line' id='line_1_18' title="bbox 216 2182 1258 2268; baseline -0.001 -23"><span class='ocrx_word' id='word_1_137' title='bbox 216 2189 258 2246; x_wconf 91' lang='lat' dir='ltr'><strong>ris</strong></span> <span class='ocrx_word' id='word_1_138' title='bbox 281 2197 382 2267; x_wconf 88' lang='lat' dir='ltr'><strong>spreto</strong></span> <span class='ocrx_word' id='word_1_139' title='bbox 408 2187 520 2246; x_wconf 88' lang='lat' dir='ltr'><strong>Pisone</strong></span> <span class='ocrx_word' id='word_1_140' title='bbox 540 2193 640 2260; x_wconf 83' lang='lat' dir='ltr'><strong>vecta,</strong></span> <span class='ocrx_word' id='word_1_141' title='bbox 662 2193 717 2244; x_wconf 90' lang='lat' dir='ltr'><strong>aut</strong></span> <span class='ocrx_word' id='word_1_142' title='bbox 736 2182 790 2244; x_wconf 91' lang='lat' dir='ltr'><strong>ille</strong></span> <span class='ocrx_word' id='word_1_143' title='bbox 809 2184 965 2262; x_wconf 84' lang='lat' dir='ltr'><strong>abscessit,</strong></span> <span class='ocrx_word' id='word_1_144' title='bbox 987 2205 1162 2268; x_wconf 89' lang='lat' dir='ltr'><strong>quanquam</strong></span> <span class='ocrx_word' id='word_1_145' title='bbox 1191 2187 1258 2245; x_wconf 81' lang='lat' dir='ltr'><strong>Au-</strong></span> 
     </span>
     <span class='ocr_line' id='line_1_19' title="bbox 210 2273 1259 2373; baseline 0.003 -23"><span class='ocrx_word' id='word_1_146' title='bbox 210 2273 304 2373; x_wconf 44' lang='lat' dir='ltr'><strong>&#39;gdsta</strong></span> <span class='ocrx_word' id='word_1_147' title='bbox 325 2313 356 2352; x_wconf 91' lang='lat' dir='ltr'><strong>se</strong></span> <span class='ocrx_word' id='word_1_148' title='bbox 378 2290 486 2351; x_wconf 87' lang='lat' dir='ltr'><strong>violari</strong></span> <span class='ocrx_word' id='word_1_149' title='bbox 510 2301 539 2350; x_wconf 92' lang='lat' dir='ltr'><strong>et</strong></span> <span class='ocrx_word' id='word_1_150' title='bbox 564 2291 703 2348; x_wconf 88' lang='lat' dir='ltr'><strong>imminui</strong></span> <span class='ocrx_word' id='word_1_151' title='bbox 725 2300 912 2370; x_wconf 79' lang='lat' dir='ltr'><strong>quereretur.</strong></span> <span class='ocrx_word' id='word_1_152' title='bbox 947 2291 1089 2353; x_wconf 87' lang='lat' dir='ltr'><strong>Tiberius</strong></span> <span class='ocrx_word' id='word_1_153' title='bbox 1112 2291 1259 2353; x_wconf 86' lang='lat' dir='ltr'><strong>hactenus</strong></span> 
     </span>
     <span class='ocr_line' id='line_1_20' title="bbox 217 2395 1259 2481; baseline 0.002 -23"><span class='ocrx_word' id='word_1_154' title='bbox 217 2398 376 2481; x_wconf 85' lang='lat' dir='ltr'><strong>indulgere</strong></span> <span class='ocrx_word' id='word_1_155' title='bbox 401 2401 491 2457; x_wconf 89' lang='lat' dir='ltr'><strong>matri</strong></span> <span class='ocrx_word' id='word_1_156' title='bbox 530 2395 618 2458; x_wconf 90' lang='lat' dir='ltr'><strong>civile</strong></span> <span class='ocrx_word' id='word_1_157' title='bbox 649 2407 733 2456; x_wconf 90' lang='lat' dir='ltr'><strong>ratus</strong></span> <span class='ocrx_word' id='word_1_158' title='bbox 765 2406 800 2456; x_wconf 90' lang='lat' dir='ltr'><strong>ut</strong></span> <span class='ocrx_word' id='word_1_159' title='bbox 832 2418 864 2457; x_wconf 89' lang='lat' dir='ltr'><strong>se</strong></span> <span class='ocrx_word' id='word_1_160' title='bbox 894 2397 1009 2458; x_wconf 90' lang='lat' dir='ltr'><strong>iturum</strong></span> <span class='ocrx_word' id='word_1_161' title='bbox 1040 2399 1078 2459; x_wconf 89' lang='lat' dir='ltr'><strong>ad</strong></span> <span class='ocrx_word' id='word_1_162' title='bbox 1108 2402 1259 2481; x_wconf 88' lang='lat' dir='ltr'><strong>praetoris</strong></span> 
     </span>
    </p>

    <p class='ocr_par' dir='ltr' id='par_1_7' title="bbox 150 2504 1307 2914">
     <span class='ocr_line' id='line_1_21' title="bbox 150 2504 1307 2589; baseline 0.005 -27"><span class='ocrx_word' id='word_1_163' title='bbox 150 2553 163 2562; x_wconf 81' lang='grc'><strong>.</strong></span> <span class='ocrx_word' id='word_1_164' title='bbox 217 2506 376 2583; x_wconf 90' lang='lat' dir='ltr'><strong>tribunal,</strong></span> <span class='ocrx_word' id='word_1_165' title='bbox 405 2505 572 2566; x_wconf 87' lang='lat' dir='ltr'><strong>affuturum</strong></span> <span class='ocrx_word' id='word_1_166' title='bbox 595 2504 785 2585; x_wconf 84' lang='lat' dir='ltr'><strong>Urgulaniae</strong></span> <span class='ocrx_word' id='word_1_167' title='bbox 805 2505 937 2583; x_wconf 87' lang='lat' dir='ltr'><strong>diceret,</strong></span> <span class='ocrx_word' id='word_1_168' title='bbox 968 2509 1111 2589; x_wconf 84' lang='lat' dir='ltr'><strong>processit</strong></span> <span class='ocrx_word' id='word_1_169' title='bbox 1131 2507 1307 2588; x_wconf 79' lang='lat' dir='ltr'><strong>palatio,²⁰</strong></span> 
     </span>
     <span class='ocr_line' id='line_1_22' title="bbox 218 2609 1260 2698; baseline 0.007 -28"><span class='ocrx_word' id='word_1_170' title='bbox 218 2610 323 2693; x_wconf 87' lang='lat' dir='ltr'><strong>procul</strong></span> <span class='ocrx_word' id='word_1_171' title='bbox 338 2613 421 2692; x_wconf 84' lang='lat' dir='ltr'><strong>sequi</strong></span> <span class='ocrx_word' id='word_1_172' title='bbox 443 2611 530 2671; x_wconf 88' lang='lat' dir='ltr'><strong>iussis</strong></span> <span class='ocrx_word' id='word_1_173' title='bbox 552 2609 708 2670; x_wconf 87' lang='lat' dir='ltr'><strong>militibus.</strong></span> <span class='ocrx_word' id='word_1_174' title='bbox 731 2613 935 2692; x_wconf 81' lang='lat' dir='ltr'><strong>Spectabatu&#39;r</strong></span> <span class='ocrx_word' id='word_1_175' title='bbox 956 2625 1133 2674; x_wconf 83' lang='lat' dir='ltr'><strong>occursante</strong></span> <span class='ocrx_word' id='word_1_176' title='bbox 1147 2616 1260 2698; x_wconf 88' lang='lat' dir='ltr'><strong>populo</strong></span> 
     </span>
     <span class='ocr_line' id='line_1_23' title="bbox 218 2717 1261 2802; baseline 0.003 -22"><span class='ocrx_word' id='word_1_177' title='bbox 218 2721 405 2802; x_wconf 88' lang='lat' dir='ltr'><strong>compositus</strong></span> <span class='ocrx_word' id='word_1_178' title='bbox 425 2737 494 2790; x_wconf 88' lang='lat' dir='ltr'><strong>ore,</strong></span> <span class='ocrx_word' id='word_1_179' title='bbox 518 2726 548 2775; x_wconf 89' lang='lat' dir='ltr'><strong>et</strong></span> <span class='ocrx_word' id='word_1_180' title='bbox 580 2717 768 2780; x_wconf 89' lang='lat' dir='ltr'><strong>sermonibus</strong></span> <span class='ocrx_word' id='word_1_181' title='bbox 799 2719 892 2778; x_wconf 80' lang='lat' dir='ltr'><strong>variis</strong></span> <span class='ocrx_word' id='word_1_182' title='bbox 925 2729 1044 2801; x_wconf 88' lang='lat' dir='ltr'><strong>tempus</strong></span> <span class='ocrx_word' id='word_1_183' title='bbox 1079 2729 1170 2800; x_wconf 90' lang='lat' dir='ltr'><strong>atque</strong></span> <span class='ocrx_word' id='word_1_184' title='bbox 1203 2725 1261 2784; x_wconf 86' lang='lat' dir='ltr'><strong>iter</strong></span> 
     </span>
     <span class='ocr_line' id='line_1_24' title="bbox 219 2817 1260 2914; baseline 0.002 -25"><span class='ocrx_word' id='word_1_185' title='bbox 219 2829 341 2903; x_wconf 91' lang='lat' dir='ltr'><strong>ducens,</strong></span> <span class='ocrx_word' id='word_1_186' title='bbox 358 2827 455 2914; x_wconf 90' lang='lat' dir='ltr'><strong>donec</strong></span> <span class='ocrx_word' id='word_1_187' title='bbox 479 2817 653 2904; x_wconf 83' lang='lat' dir='ltr'><strong>propinquis</strong></span> <span class='ocrx_word' id='word_1_188' title='bbox 675 2823 817 2885; x_wconf 89' lang='lat' dir='ltr'><strong>Pisonem</strong></span> <span class='ocrx_word' id='word_1_189' title='bbox 840 2826 948 2887; x_wconf 79' lang='lat' dir='ltr'><strong>frustra</strong></span> <span class='ocrx_word' id='word_1_190' title='bbox 977 2828 1184 2895; x_wconf 77' lang='lat' dir='ltr'><strong>coercentibus</strong></span> <span class='ocrx_word' id='word_1_191' title='bbox 1204 2831 1260 2891; x_wconf 87' lang='lat' dir='ltr'><strong>de·</strong></span> 
     </span>
    </p>

    <p class='ocr_par' dir='ltr' id='par_1_8' title="bbox 132 2931 1308 3240">
     <span class='ocr_line' id='line_1_25' title="bbox 132 2931 1262 3019; baseline 0.004 -25"><span class='ocrx_word' id='word_1_192' title='bbox 132 2993 138 3002; x_wconf 64' lang='lat'><strong>.</strong></span> <span class='ocrx_word' id='word_1_193' title='bbox 219 2936 290 2994; x_wconf 88' lang='lat' dir='ltr'><strong>ferri</strong></span> <span class='ocrx_word' id='word_1_194' title='bbox 312 2937 446 3014; x_wconf 85' lang='lat' dir='ltr'><strong>Augusta</strong></span> <span class='ocrx_word' id='word_1_195' title='bbox 467 2933 643 3012; x_wconf 86' lang='lat' dir='ltr'><strong>pecuniam,</strong></span> <span class='ocrx_word' id='word_1_196' title='bbox 667 2951 746 3010; x_wconf 86' lang='lat' dir='ltr'><strong>quae</strong></span> <span class='ocrx_word' id='word_1_197' title='bbox 779 2931 954 3012; x_wconf 83' lang='lat' dir='ltr'><strong>petebatur,</strong></span> <span class='ocrx_word' id='word_1_198' title='bbox 989 2934 1117 2996; x_wconf 87' lang='lat' dir='ltr'><strong>iuberet.</strong></span> <span class='ocrx_word' id='word_1_199' title='bbox 1173 2939 1262 3019; x_wconf 87' lang='lat' dir='ltr'><strong>lsque</strong></span> 
     </span>
     <span class='ocr_line' id='line_1_26' title="bbox 219 3037 1308 3120; baseline 0.005 -19"><span class='ocrx_word' id='word_1_200' title='bbox 219 3043 287 3102; x_wconf 82' lang='lat' dir='ltr'><strong>finis</strong></span> <span class='ocrx_word' id='word_1_201' title='bbox 308 3042 374 3116; x_wconf 78' lang='lat' dir='ltr'><strong>rei3</strong></span> <span class='ocrx_word' id='word_1_202' title='bbox 398 3061 432 3098; x_wconf 88' lang='lat' dir='ltr'><strong>ex</strong></span> <span class='ocrx_word' id='word_1_203' title='bbox 458 3061 516 3119; x_wconf 90' lang='lat' dir='ltr'><strong>qua</strong></span> <span class='ocrx_word' id='word_1_204' title='bbox 541 3059 640 3118; x_wconf 89' lang='lat' dir='ltr'><strong>neque</strong></span> <span class='ocrx_word' id='word_1_205' title='bbox 662 3039 733 3098; x_wconf 92' lang='lat' dir='ltr'><strong>Piso</strong></span> <span class='ocrx_word' id='word_1_206' title='bbox 765 3037 911 3120; x_wconf 87' lang='lat' dir='ltr'><strong>inglorius</strong></span> <span class='ocrx_word' id='word_1_207' title='bbox 941 3053 972 3100; x_wconf 89' lang='lat' dir='ltr'><strong>et</strong></span> <span class='ocrx_word' id='word_1_208' title='bbox 1005 3043 1118 3104; x_wconf 86' lang='lat' dir='ltr'><strong>Caesar</strong></span> <span class='ocrx_word' id='word_1_209' title='bbox 1148 3048 1308 3120; x_wconf 75' lang='lat' dir='ltr'><strong>maiore25</strong></span> 
     </span>
     <span class='ocr_line' id='line_1_27' title="bbox 221 3130 1278 3240; baseline 0.003 -29"><span class='ocrx_word' id='word_1_210' title='bbox 221 3151 303 3229; x_wconf 78' lang='lat' dir='ltr'><strong>fama</strong></span> <span class='ocrx_word' id='word_1_211' title='bbox 323 3149 389 3210; x_wconf 83' lang='lat' dir='ltr'><strong>luit.</strong></span> <span class='ocrx_word' id='word_1_212' title='bbox 432 3148 575 3218; x_wconf 82' lang='lat' dir='ltr'><strong>Ceterum</strong></span> <span class='ocrx_word' id='word_1_213' title='bbox 600 3147 787 3240; x_wconf 85' lang='lat' dir='ltr'><strong>Urgulaniae</strong></span> <span class='ocrx_word' id='word_1_214' title='bbox 806 3151 940 3230; x_wconf 89' lang='lat' dir='ltr'><strong>potentia</strong></span> <span class='ocrx_word' id='word_1_215' title='bbox 961 3149 1038 3210; x_wconf 92' lang='lat' dir='ltr'><strong>adeo</strong></span> <span class='ocrx_word' id='word_1_216' title='bbox 1071 3153 1170 3212; x_wconf 87' lang='lat' dir='ltr'><strong>nimia·</strong></span> <span class='ocrx_word' id='word_1_217' title='bbox 1185 3130 1278 3214; x_wconf 31' lang='lat' dir='ltr'><strong>civi·-</strong></span> 
     </span>
    </p>
   </div>
   <div class='ocr_carea' id='block_1_3' title="bbox 221 3327 516 3343">
    <p class='ocr_par' dir='ltr' id='par_1_9' title="bbox 221 3327 516 3343">
     <span class='ocr_line' id='line_1_28' title="bbox 221 3327 516 3343; baseline -0.01 -3"><span class='ocrx_word' id='word_1_218' title='bbox 221 3327 516 3343; x_wconf 50' lang='lat' dir='ltr'><strong>ffl—</strong></span> 
     </span>
    </p>
   </div>
   <div class='ocr_carea' id='block_1_4' title="bbox 189 3439 1264 3970">
    <p class='ocr_par' dir='ltr' id='par_1_10' title="bbox 189 3439 1264 3705">
     <span class='ocr_line' id='line_1_29' title="bbox 189 3439 1264 3510; baseline 0.005 -20"><span class='ocrx_word' id='word_1_219' title='bbox 189 3479 191 3482; x_wconf 86' lang='lat'><strong>.</strong></span> <span class='ocrx_word' id='word_1_220' title='bbox 223 3449 367 3508; x_wconf 85' lang='lat' dir='ltr'><strong>utramque</strong></span> <span class='ocrx_word' id='word_1_221' title='bbox 386 3439 622 3505; x_wconf 80' lang='lat' dir='ltr'><strong>significationem,</strong></span> <span class='ocrx_word' id='word_1_222' title='bbox 641 3449 669 3492; x_wconf 86' lang='lat' dir='ltr'><strong>et</strong></span> <span class='ocrx_word' id='word_1_223' title='bbox 687 3440 863 3510; x_wconf 86' lang='lat' dir='ltr'><strong>comparandi</strong></span> <span class='ocrx_word' id='word_1_224' title='bbox 882 3446 910 3490; x_wconf 86' lang='lat' dir='ltr'><strong>ct</strong></span> <span class='ocrx_word' id='word_1_225' title='bbox 930 3441 1011 3491; x_wconf 87' lang='lat' dir='ltr'><strong>tinem</strong></span> <span class='ocrx_word' id='word_1_226' title='bbox 1030 3440 1180 3505; x_wconf 88' lang='lat' dir='ltr'><strong>indicandi,</strong></span> <span class='ocrx_word' id='word_1_227' title='bbox 1199 3459 1264 3495; x_wconf 89' lang='lat' dir='ltr'><strong>con·</strong></span> 
     </span>
     <span class='ocr_line' id='line_1_30' title="bbox 223 3523 1264 3602; baseline 0.002 -16"><span class='ocrx_word' id='word_1_228' title='bbox 223 3537 321 3586; x_wconf 77' lang='lat' dir='ltr'><strong>sociari</strong></span> <span class='ocrx_word' id='word_1_229' title='bbox 352 3553 365 3584; x_wconf 90' lang='lat' dir='ltr'><strong>a</strong></span> <span class='ocrx_word' id='word_1_230' title='bbox 390 3523 521 3602; x_wconf 66' lang='lat' dir='ltr'><strong>scriptore</strong></span> <span class='ocrx_word' id='word_1_231' title='bbox 550 3533 693 3587; x_wconf 87' lang='lat' dir='ltr'><strong>brevitatis</strong></span> <span class='ocrx_word' id='word_1_232' title='bbox 719 3535 937 3588; x_wconf 83' lang='lat' dir='ltr'><strong>studiosissimo:</strong></span> <span class='ocrx_word' id='word_1_233' title='bbox 973 3549 1004 3588; x_wconf 87' lang='lat' dir='ltr'><strong>ut</strong></span> <span class='ocrx_word' id='word_1_234' title='bbox 1029 3537 1101 3588; x_wconf 86' lang='lat' dir='ltr'><strong>enlm</strong></span> <span class='ocrx_word' id='word_1_235' title='bbox 1130 3537 1264 3594; x_wconf 85' lang='lat' dir='ltr'><strong>hocloco</strong></span> 
     </span>
     <span class='ocr_line' id='line_1_31' title="bbox 222 3629 783 3705; baseline -0.007 -21"><span class='ocrx_word' id='word_1_236' title='bbox 222 3631 296 3684; x_wconf 84' lang='lat' dir='ltr'><strong>idem</strong></span> <span class='ocrx_word' id='word_1_237' title='bbox 315 3631 388 3684; x_wconf 79' lang='lat' dir='ltr'><strong>valet</strong></span> <span class='ocrx_word' id='word_1_238' title='bbox 402 3639 485 3702; x_wconf 87' lang='lat' dir='ltr'><strong>atque</strong></span> <span class='ocrx_word' id='word_1_239' title='bbox 503 3645 533 3686; x_wconf 88' lang='lat' dir='ltr'><strong>ut</strong></span> <span class='ocrx_word' id='word_1_240' title='bbox 550 3629 783 3705; x_wconf 80' lang='lat' dir='ltr'><strong>quemadmodum.</strong></span> 
     </span>
    </p>

    <p class='ocr_par' dir='ltr' id='par_1_11' title="bbox 226 3727 1262 3970">
     <span class='ocr_line' id='line_1_32' title="bbox 313 3727 747 3798; baseline 0 -20"><span class='ocrx_word' id='word_1_241' title='bbox 313 3745 336 3794; x_wconf 84' lang='lat'><strong>7.</strong></span> <span class='ocrx_word' id='word_1_242' title='bbox 357 3729 386 3778; x_wconf 84' lang='lat' dir='ltr'><strong>L.</strong></span> <span class='ocrx_word' id='word_1_243' title='bbox 405 3728 463 3798; x_wconf 80' lang='lat' dir='ltr'><strong>ipso</strong></span> <span class='ocrx_word' id='word_1_244' title='bbox 482 3729 611 3780; x_wconf 82' lang='lat' dir='ltr'><strong>ambitum</strong></span> <span class='ocrx_word' id='word_1_245' title='bbox 621 3730 690 3797; x_wconf 78' lang='lat' dir='ltr'><strong>jore</strong></span> <span class='ocrx_word' id='word_1_246' title='bbox 711 3727 747 3778; x_wconf 87' lang='grc' dir='ltr'><strong>Μ.</strong></span> 
     </span>
     <span class='ocr_line' id='line_1_33' title="bbox 300 3818 1262 3891; baseline 0 -20"><span class='ocrx_word' id='word_1_247' title='bbox 300 3838 336 3888; x_wconf 78' lang='lat'><strong>¹7·</strong></span> <span class='ocrx_word' id='word_1_248' title='bbox 356 3821 401 3872; x_wconf 86' lang='lat' dir='ltr'><strong>illi</strong></span> <span class='ocrx_word' id='word_1_249' title='bbox 417 3822 544 3872; x_wconf 73' lang='lat' dir='ltr'><strong>abscissis</strong></span> <span class='ocrx_word' id='word_1_250' title='bbox 563 3820 604 3869; x_wconf 88' lang='lat' dir='ltr'><strong>M:</strong></span> <span class='ocrx_word' id='word_1_251' title='bbox 622 3821 670 3870; x_wconf 86' lang='lat' dir='ltr'><strong>ille</strong></span> <span class='ocrx_word' id='word_1_252' title='bbox 690 3820 799 3873; x_wconf 80' lang='lat' dir='ltr'><strong>absistit</strong></span> <span class='ocrx_word' id='word_1_253' title='bbox 819 3819 980 3874; x_wconf 74' lang='lat' dir='ltr'><strong>Beroaldus:</strong></span> <span class='ocrx_word' id='word_1_254' title='bbox 999 3821 1049 3878; x_wconf 76' lang='lat' dir='ltr'><strong>itte</strong></span> <span class='ocrx_word' id='word_1_255' title='bbox 1069 3818 1175 3886; x_wconf 80' lang='lat' dir='ltr'><strong>abstitit</strong></span> <span class='ocrx_word' id='word_1_256' title='bbox 1200 3821 1262 3891; x_wconf 81' lang='lat' dir='ltr'><strong>Lip—</strong></span> 
     </span>
     <span class='ocr_line' id='line_1_34' title="bbox 226 3916 680 3970; baseline -0.002 -1"><span class='ocrx_word' id='word_1_257' title='bbox 226 3917 296 3969; x_wconf 79' lang='lat' dir='ltr'><strong>siur:</strong></span> <span class='ocrx_word' id='word_1_258' title='bbox 317 3919 365 3970; x_wconf 80' lang='lat' dir='ltr'><strong>iile</strong></span> <span class='ocrx_word' id='word_1_259' title='bbox 383 3916 512 3970; x_wconf 76' lang='lat' dir='ltr'><strong>abscessit</strong></span> <span class='ocrx_word' id='word_1_260' title='bbox 531 3919 680 3970; x_wconf 80' lang='lat' dir='ltr'><strong>Ernestius.</strong></span> 
     </span>
    </p>
   </div>
   <div class='ocr_carea' id='block_1_5' title="bbox 0 0 1435 4724">
    <p class='ocr_par' dir='ltr' id='par_1_12' title="bbox 0 0 1435 4724">
     <span class='ocr_line' id='line_1_35' title="bbox 0 0 1435 4724; baseline 0 0"><span class='ocrx_word' id='word_1_261' title='bbox 0 0 1435 4724; x_wconf 95' lang='lat' dir='ltr'><strong> </strong></span> 
     </span>
    </p>
   </div>
  </div>
 </body>
</html>
