2862 4726
486 341 562 418 tm
586 354 640 420 ιν.
683 353 771 418 oar.
792 339 927 424 ea-oa.
1073 318 1075 326 ’
1160 349 1222 419 ru

181 537 256 600 visit
276 535 462 601 celebratae:
487 538 673 600 monimenta
692 537 805 620 ingenii
823 540 886 600 eius
908 531 993 596 haud
1014 529 1143 626 perinde
1171 530 1373 631 celebriis)

180 651 331 710 tincutur.
374 646 499 708 Scilicet
526 649 640 732 impetu
663 649 758 728 magis
777 665 870 732 quarn
902 665 978 704 cura
1000 639 1143 724 vigebat,
1173 647 1224 703 ut·
1251 692 1254 704 ι

181 777 244 837 que
261 757 391 816 aliorum
413 756 571 818 meditatio
593 767 622 845 ‘l
644 754 731 816 labor
754 758 785 816 in
817 765 976 837 posterum
1006 749 1152 828 valescit,
1179 749 1225 810 sic

182 864 297 924 Haterii
315 885 464 926 canorum
483 863 561 930 illud
581 876 612 926 et
633 862 789 947 profluens
808 849 880 924 oum
894 864 961 945 ipso
980 857 1071 926 droul
1095 859 1225 924 exstinc-

146 957 165 1020 5
185 979 251 1058 tum
271 981 322 1034 eat·
541 1027 543 1030 .
795 949 798 961 .

124 1053 183 1140 62
266 1079 372 1142 Marco
398 1078 519 1142 Licinio
539 1079 635 1142 Lucio
663 1078 829 1162 Calpurnio
848 1077 1026 1142 consulibua
1052 1074 1377 1160 ingenunata-uetat

184 1185 336 1254 bellorum
360 1187 478 1250 cladem
496 1186 765 1272 aequaritmalum
786 1189 1000 1271 improvisum.
1045 1185 1123 1252 Eius
1142 1178 1262 1257 initi-(²
1283 1177 1378 1254 (ΜΦ)

184 1317 238 1358 um
257 1295 350 1358 simul
375 1307 405 1357 et
434 1298 501 1360 linia
533 1301 657 1366 exstitit.
712 1299 791 1360 Nam
827 1309 936 1381 coepto
966 1295 1048 1380 apud
1075 1291 1229 1362 Fidenam

185 1403 410 1485 amphitheatro
439 1405 548 1466 Atilius
580 1405 705 1488 quidam
732 1404 868 1466 libertini
891 1405 1027 1486 generis,
1052 1425 1117 1486 quo
1143 1423 1230 1485 epec-
1255 1399 1258 1419 ⁴

128 1527 167 1580 to
187 1513 324 1576 taculum
343 1514 545 1596 gladiatorum
557 1513 741 1588 celebraret,
765 1533 865 1594 nequo
884 1511 1086 1581 fundamenta
1101 1533 1157 1594 per
1178 1529 1229 1574 so·

184 1617 283 1688 lidum
301 1621 456 1698 subdidit,
481 1641 580 1704 neque
613 1623 708 1689 firmis
738 1619 866 1682 nexibus
893 1621 1025 1710 ligneam
1051 1633 1230 1704 compagem

185 1731 406 1810 superstruxit,
427 1741 462 1790 ut
482 1732 534 1812 qui
556 1751 619 1794 uon
641 1727 831 1790 abundantia
854 1723 1002 1810 pecuniae
1021 1711 1077 1789 nec
1101 1729 1233 1790 nutrici«

185 1833 251 1918 paii
271 1835 448 1912 ambitione,
471 1834 526 1899 sed
549 1837 580 1894 io
603 1833 892 1898 sordida'rnercede
912 1833 943 1894 id
962 1837 1120 1917 negotium
1136 1833 1246 1918 (prael¹

188 1943 316 2016 sivisset,
359 1943 510 2008 Affluxere
536 1945 618 2008 avidi
636 1943 768 2020 talium,
791 1943 988 2026 imperitante
1010 1944 1138 2017 Tiberio
1158 1963 1233 2027 prr»

128 2045 170 2112 ¹5
190 2048 242 2110 cul
265 2050 472 2136 voluptatibus
494 2055 611 2146 habiti,
644 2054 731 2116 virile
751 2075 789 2116 ao
820 2053 971 2120 muliebre
995 2075 1104 2130 secus,
1131 2055 1234 2118 omnia

190 2143 290 2236 aetas,
311 2159 352 2219 ob
373 2163 630 2244 propinquitatem
651 2159 708 2222 loci
731 2162 880 2241 eilusius3
916 2161 999 2226 unde
1035 2164 1157 2243 gravior
1177 2185 1231 2246 pe-

186 2271 240 2330 stis
260 2268 339 2348 lirit,
365 2268 500 2328 conserta
529 2268 627 2344 mole,
652 2268 722 2333 dein
754 2267 920 2347 convolsa,
951 2267 1025 2328 dum
1053 2271 1117 2330 ruit
1149 2245 1234 2331 intus

186 2379 293 2438 autin
316 2381 464 2439 exteriora
488 2376 675 2458 elllmrlitur,
696 2379 936 2460 immensamque
956 2381 1018 2439 virn
1041 2377 1230 2456 mortalium,

187 2485 529 2567 spectaculo'intentoa
556 2499 609 2553 aut
643 2489 695 2571 qui
724 2493 838 2549 circuru
871 2487 1050 2564 adstabant,
1081 2505 1232 2569 praecepa
1316 2545 1319 2554 ,

127 2603 169 2654 8⁰
189 2590 290 2652 trahit
317 2603 410 2674 atque
440 2597 553 2676 operit,
602 2595 642 2654 Et
682 2591 725 2653 illi
754 2594 895 2675 quidem,
915 2567 1012 2677 xqum
1040 2591 1228 2676 principium

186 2701 293 2780 stragis
315 2699 346 2758 in
370 2711 501 2762 mortem
521 2703 685 2782 afflixerat,
708 2712 744 2760 ut
768 2699 822 2761 tali
843 2701 941 2776 sorte,
963 2699 1136 2761 cruciatum
1159 2701 1204 2760 eff.
1217 2725 1230 2748 0

186 2827 271 2890 gero.
312 2807 479 2868 Miserandi
502 2811 596 2891 magis
615 2829 690 2890 quos
708 2808 840 2896 abrupta
868 2815 957 2889 parte
987 2806 1125 2887 eorporis
1150 2827 1228 2866 non·

120 2931 125 2958 ¹
187 2914 262 2975 dum
283 2917 346 2976 vita
380 2913 580 2994 deserueratp
608 2915 661 2996 qui
700 2935 754 2996 per
784 2913 865 2978 diem
898 2915 987 2991 risu,
1017 2905 1229 2995 pernoctem

185 3019 352 3084 ululatibus
373 3035 403 3084 et
423 3023 536 3104 gemitu
553 3025 694 3106 coniuges
724 3031 779 3084 aut
809 3021 924 3091 liberos
945 3023 1121 3085 noscebant.
1163 3021 1228 3085 lam

116 3132 172 3204 ,³5
185 3133 279 3194 ceteri
298 3132 377 3192 fama
407 3131 515 3208 eirciti,
547 3131 597 3192 bic
627 3130 754 3194 fratrem
765 3163 778 3208 ι,
808 3134 1015 3220 propinquum
1046 3131 1116 3212 ille,
1149 3129 1228 3191 alius

189 3329 454 3352 c-——···—··t¹¹

262 3447 301 3502 ri.
320 3445 351 3498 in
369 3445 485 3500 sordida
502 3447 637 3514 mercede,
657 3449 684 3508 h.
707 3467 731 3509 e.
754 3453 785 3504 iu
798 3451 953 3510 exercenda
973 3447 1088 3506 sordida
1104 3449 1227 3504 mercede

187 3553 322 3592 versatur.
362 3543 393 3594 in
407 3543 550 3598 sordidam
568 3543 717 3599 mercedem
735 3546 799 3597 (lum
819 3549 930 3618 corrigit
948 3549 1079 3614 Piclteoa,
1105 3547 1133 3598 id
1153 3547 1228 3620 quod

189 3639 231 3686 est
248 3651 337 3688 rarum
357 3647 385 3690 et
403 3641 565 3704 insolitum,
585 3651 666 3712 atque
686 3643 749 3694 ideo
768 3657 783 3691 a
804 3643 901 3693 'Facito
923 3644 1095 3713 quaesitum,
1115 3644 1143 3693 ln
1162 3644 1226 3696 vul·

189 3747 278 3800 garam
296 3732 410 3784 sormam
430 3736 542 3806 redegit
581 3736 715 3788 Pichenae
741 3737 823 3788 verba
848 3755 904 3789 non
929 3738 983 3789 nisi
1009 3740 1113 3802 finem,
1144 3755 1250 3808 quem

182 3834 298 3877 ,aceruus
316 3829 353 3878 eit
373 3829 402 3880 in
422 3831 622 3900 amphitheatra
644 3833 814 3885 aedificando
839 3833 966 3886 sordidus
981 3833 1126 3896 ⁸Fidenae,
1154 3835 1228 3888 indi-

105 3987 108 3991 .
154 3937 162 3972 r
189 3926 267 3983 aaut,
285 3920 376 3972 't'aciti
395 3941 502 3978 ornnem
527 3927 606 3982 istius
624 3927 745 3982 hominis
770 3927 868 3996 agendi
886 3935 915 3978 et
931 3945 1044 3980 munera
1066 3926 1165 3982 edendi
1186 3945 1227 3980 ra·

187 4012 291 4069 tionem
310 4015 479 4074 describunt.
911 4083 913 4118 t
