2900 4724
216 233 219 238 ’
253 271 314 370 aas
400 227 403 238 ¹
651 265 864 329 suasurus

105 449 134 518 (a
149 449 341 532 C.50.)oessit
361 445 445 520 vita,
469 445 556 508 laetis
585 444 748 524 hostibus,
780 457 926 530 tauquam
950 445 1060 510 ducem
1091 446 1174 510 baud
1199 467 1283 530 sper-

254 555 388 624 nendum
417 554 474 617 etsi
494 576 556 616 non
583 554 751 638 praelium,
782 568 813 618 at
833 566 917 618 certe
937 555 1050 618 bellum
1062 552 1282 639 absumpsisset.

248 665 299 752 ,At
316 663 426 724 Caesar
445 665 564 752 cognita
586 673 683 726 'morte
705 662 817 744 legati,
839 685 877 724 ne
904 665 1057 746 provincia
1080 666 1146 734 sine
1166 659 1346 742 rectoredo

255 772 349 850 foret,
369 770 481 830 Aulum
502 768 628 830 Didium
647 769 774 832 suffecit.
816 772 845 830 ls
865 791 993 851 propere
1019 780 1121 830 vectus
1146 791 1207 838 non
1239 780 1286 830 ta·

256 903 326 942 men
347 883 478 962 integras
502 901 553 940 res
572 879 705 958 invenit,
723 879 847 940 adversa
872 879 991 940 interim
1024 877 1150 962 legionis
1182 855 1286 958 pugna
1305 878 1327 956 5

182 999 205 1014 '¹
258 988 307 1049 oui
330 986 463 1046 Manlius
495 983 609 1045 Valens
636 995 788 1066 praeerat.
840 987 999 1068 Auctaque
1022 996 1052 1046 et
1085 984 1166 1067 apud
1186 985 1285 1046 hostes

197 1169 199 1176 ,
259 1097 322 1158 eius
345 1093 389 1154 rei
413 1093 516 1170 fama,
550 1115 610 1176 quo
639 1095 809 1182 venientem
837 1094 946 1156 ducem
967 1103 1177 1176 exterrerent,
1196 1105 1287 1176 atque

255 1202 309 1263 illo
329 1210 455 1282 augente
477 1197 580 1260 audita
592 1243 601 1276 ,
628 1210 662 1290 ut
685 1201 782 1260 maior
804 1198 870 1260 laus
892 1201 1062 1284 compositis
1091 1196 1164 1276 vel,
1185 1201 1208 1259 si
1228 1199 1286 1260 du·

152 1354 153 1362 .
256 1308 422 1384 ravissent,
449 1309 545 1372 ,venia
579 1307 685 1368 iustior
716 1307 912 1368 tribueretur.
954 1307 1071 1368 Silures
1102 1306 1133 1366 id
1167 1326 1288 1388 quoque

256 1421 402 1482 damnum
423 1415 612 1494 intulerant3
642 1415 763 1498 lateque
782 1414 1009 1500 persultabant,
1046 1415 1144 1476 donec
1167 1435 1290 1474 accursu
1315 1425 1351 1468 ¹⁰

259 1524 342 1586 Didii
363 1521 579 1604 pellerentur„
619 1523 678 1584 Sed
711 1534 777 1604 post
805 1534 927 1604 captum
950 1524 1148 1587 Caractacunt
1177 1522 1291 1605 praeci·

255 1653 339 1718 ,puae
358 1631 483 1694 scientia
504 1633 549 1692 rei
568 1628 704 1692 militaris
725 1631 893 1708 Venutius,
917 1653 934 1690 e
956 1631 1130 1712 Brigantum
1159 1629 1290 1700 civitate,

262 1751 298 1802 ut
325 1740 620 1821 supramemoravi,
653 1735 790 1820 fidusque
809 1735 861 1800 diu
891 1745 920 1796 et
940 1735 1085 1800 Romanis
1115 1738 1207 1796 armis
1239 1735 1293 1796 de·
1439 1807 1440 1810 Ἴ

262 1849 362 1910 sensus
372 1894 382 1923 ,
404 1867 472 1906 cum
494 1843 743 1905 Cartimanduam
768 1845 905 1926 reginam
936 1841 1127 1905 matrimonio
1163 1852 1292 1914 teneret,
1439 1811 1440 1868 l

263 1978 332 2018 mox
353 1965 422 2018 orto
442 1951 569 2022 discidio
597 1961 627 2010 et
648 1951 748 2012 statim
767 1948 861 2028 bello,
883 1950 974 2013 etiam
996 1949 1148 2038 adversus¹
1167 1971 1221 2012 nos
1243 1949 1295 2010 bo
1321 1941 1357 2006 15

263 2059 345 2122 stilia
367 2059 516 2122 induerat.
559 2057 620 2118 Sed
640 2059 740 2137 primo
761 2067 883 2116 tantum
904 2057 983 2118 inter
1003 2059 1081 2139 ipsos
1106 2057 1297 2134 certabatur,

266 2165 440 2247 callidisque
462 2159 678 2222 Cartimandua
700 2160 814 2221 artibus
835 2159 1016 2222 fratremne
1037 2164 1222 2246 propinquos
1237 2163 1300 2226 Ve-

267 2275 346 2336 nutii
370 2269 541 2348 intercepit.
583 2265 660 2326 Inde
688 2270 803 2326 accensi
823 2267 943 2346 hostes,
966 2269 1139 2330 stimulante
1170 2269 1300 2352 ignomi-

268 2383 332 2458 nia,
355 2401 392 2452 ne
413 2377 542 2441 feminae
564 2373 691 2456 imperio
711 2373 926 2438 subderentur.
968 2365 1080 2445 Valida
1099 2387 1130 2436 et
1148 2373 1223 2440 lecta
1245 2396 1295 2436 ar·

270 2489 327 2550 mis
351 2490 492 2549 iuventus
516 2503 644 2566 regnum
668 2482 731 2559 eius
754 2481 916 2546 invadunt.
960 2483 1050 2561 Quod
1073 2482 1158 2546 nobis
1179 2485 1299 2565 praevi·
1320 2499 1361 2540 ao

269 2616 357 2668 sutn;
379 2605 408 2656 et
429 2591 536 2661 missae
554 2587 664 2650 auxilio
688 2587 829 2650 cobortes
849 2609 921 2652 acre
938 2589 1088 2670 praelium
1109 2589 1226 2670 lecere3
1247 2613 1302 2656 cu·

270 2705 318 2768 ius
339 2703 425 2766 initio
447 2700 589 2782 ambiguo
607 2701 674 2760 finis
695 2697 802 2762 laetior
822 2698 891 2758 suit.
935 2699 1042 2780 Neque
1068 2698 1181 2782 dispari
1208 2721 1303 2762 even·

270 2824 306 2875 tu
333 2819 500 2902 pugnatum
521 2827 539 2865 a
558 2799 677 2886 legione
700 2804 749 2864 oui
771 2803 892 2870 Caesius
907 2782 1014 2866 Nasica
1034 2815 1185 2888 praeerat.
1228 2807 1303 2866 Nam

273 2919 382 2984 Didius
403 2924 555 2979 senectute
575 2913 674 2994 gravis
695 2921 726 2970 et
747 2911 842 2972 multa
863 2913 949 2994 copia
969 2913 1143 2991 honorum,
1174 2934 1228 2995 per
1247 2913 1305 2970 mi-

273 3027 383 3092 nistros
398 3045 488 3106 agere
496 3034 525 3084 et
536 3043 641 3082 arcere
653 3022 768 3088 bostem
784 3022 852 3082 satis
862 3021 1005 3084 habebat.
1017 3023 1111 3099 Haec,
1128 3043 1303 3106 quanquam
1322 3017 1364 3080 25

275 3129 433 3201 aduobus
454 3126 593 3208 [Ostorio
614 3123 781 3210 Didioque]
801 3129 1044 3209 propraetoribus
1063 3128 1230 3212 pluresper
1250 3151 1308 3192 an-

275 3261 331 3304 nos
351 3249 433 3321 gesta
450 3281 458 3316 ,
477 3238 631 3314 coniunxi,
651 3256 689 3294 ne
711 3235 806 3295 divisa
826 3235 909 3298 haud
929 3237 1053 3320 perinde
1073 3238 1111 3301 ad
1131 3238 1309 3310 memoriam

276 3351 322 3410 sui
345 3346 493 3408 valerent.
532 3344 581 3406 Ad
602 3356 773 3425 temporum
794 3342 932 3403 ordinem
953 3345 1054 3408 redeo.

131 3460 277 3530 (nutet)
356 3451 480 3515 Tiberio
502 3450 628 3510 Claudio
648 3451 788 3530 quintum
815 3445 920 3508 Servio
941 3447 1085 3508 Cornelio
1114 3425 1213 3511 Orfito
1235 3453 1360 3536 con-[41

131 3564 161 3640 (ι
173 3564 202 3618 C·
215 3561 269 3632 51.)
278 3563 393 3624 salibus
410 3558 505 3620 virilis
519 3567 591 3640 toga
612 3557 722 3615 Neroni
744 3566 915 3628 maturata,
955 3577 1016 3636 quo
1045 3557 1243 3641 capessendae
1266 3559 1311 3618 rei
1329 3561 1369 3618 30

277 3669 417 3753 publicae
438 3662 548 3726 habilis
569 3661 734 3726 videretur.
776 3659 817 3720 Et
843 3661 954 3722 Caesar
973 3661 1201 3737 adulationibus
1223 3685 1313 3724 sena·

189 3887 190 3895 ἵ
354 3839 394 3874 ra.
412 3839 426 3874 a
444 3819 607 3888 Brigantum
625 3818 665 3871 A:
683 3820 844 3888 salgamum
865 3819 934 3872 ΒΜ·Ι
953 3819 1025 3874 infra
1045 3838 1092 3894 ‚²7·
1118 3819 1236 3892 proinde
1262 3819 1313 3885 ab,

283 3918 311 3963 et
329 3927 350 3960 c.
369 3911 413 3962 60.
431 3908 509 3972 Xlll,
526 3907 569 3977 47.
588 3907 650 3971 XV,
668 3906 711 3976 44.
