2900 4724
246 283 344 383 ssfs‘
515 337 518 344 ι
575 383 577 396 ,
672 308 893 373 susanna

99 505 314 579 (sumpsere
336 491 459 556 militiae
480 490 608 552 maxime
628 511 723 572 gnara
743 489 816 572 estl.
865 489 912 552 lta
941 490 1132 553 Radamistus
1160 489 1274 554 frustra

244 601 292 660 vel
314 622 383 663 eum
404 601 515 670 damno
537 601 656 658 tentatis
685 599 908 660 munitionibus
924 599 1073 660 obsidium
1096 598 1217 680 incipit;
1240 611 1271 669 et

243 683 311 775 aum
334 709 387 766 vis
399 704 621 787 neglegeretur‚
645 705 802 764 avaritiam
813 705 955 786 praefecti
982 715 1167 790 emereatur,
1186 713 1270 774 obte-

242 824 340 874 stante
359 812 510 893 Casperio,
532 832 569 872 ne
589 814 687 872 socius
705 833 771 887 res,
794 835 833 872 ne
853 812 1002 884 Armenia
1021 813 1149 878 donum·
1162 819 1267 902 populi

243 919 371 982 Romani
391 918 504 978 scelere
524 927 556 978 et
576 921 705 999 pecunia
716 929 918 982 venerentur.
935 921 1096 986 Postremo
1107 926 1181 1008 quia
1194 927 1272 988 mul·
1291 921 1311 985 ⁵

240 1025 399 1084 titudinem
420 1023 551 1084 hostium
575 1023 691 1095 Pollio,
727 1023 806 1084 iussa
830 1027 923 1105 patris
943 1025 1137 1094 Radamistus
1163 1033 1270 1094 obten-

241 1129 372 1204 debant,
404 1137 509 1209 paetus
545 1128 677 1188 indutias
707 1128 862 1208 abscedit,
889 1141 924 1191 ut
960 1111 1272 1204 nisiPharasmanen

144 1283 150 1298 .
225 1235 322 1328 'hello
341 1236 564 1313 absterritum,
590 1237 696 1296 Titum
714 1237 905 1300 Ummidium
927 1241 1118 1318 Quadratum
1154 1246 1271 1330 praesi-

243 1343 312 1406 dem
337 1345 443 1404 Suriae
465 1343 603 1418 doceret,
625 1365 686 1427 quo
706 1347 737 1405 in
763 1357 842 1406 statu
867 1345 1031 1411 Armeniae
1059 1351 1171 1416 forent.
1216 1351 1332 1436 lli-46

241 1473 344 1532 gressu
366 1452 548 1514 centurionis
562 1439 647 1512 velut
665 1453 792 1513 cuuod‘e
803 1453 954 1516 exsolutus
975 1458 1144 1539 praelectus
1156 1462 1272 1523 hortari
1297 1475 1334 1516 10

242 1559 439 1636 Mithridaten
464 1559 502 1620 ad
524 1560 719 1620 sanciendum
740 1558 856 1635 foedus,
877 1563 1123 1628 coniunctionem
1143 1569 1273 1628 fratrum

241 1687 274 1732 ac
296 1668 427 1748 priorem
458 1676 555 1726 aetate
576 1663 803 1738 Pharasmanen
831 1675 862 1725 et
891 1677 993 1728 cetera
1018 1671 1273 1730 necessitudinum

212 1781 214 1788 '
242 1777 362 1836 nomina
383 1776 535 1848 referens,
571 1771 654 1855 quod
683 1769 776 1832 filiam
808 1775 871 1834 eius
890 1776 923 1834 in
955 1777 1148 1836 matrimonio
1179 1776 1275 1838 habe·

242 1893 288 1944 ret
299 1928 309 1957 ‚
339 1881 420 1962 quod
456 1881 520 1960 ipse
555 1879 728 1938 Radamisto
767 1899 852 1940 socer
885 1891 975 1942 esset.
1028 1881 1098 1943 Non
1139 1883 1275 1944 abnuere

212 2013 215 2020 ·
243 2011 346 2071 pacem
387 1987 532 2059 Hiberos,
583 2004 758 2066 quanquam
789 1989 821 2045 in
854 1993 991 2068 tempore
1020 1988 1201 2065 validiores3
1240 2001 1272 2052 et
1296 2003 1334 2066 15

244 2097 316 2156 satis
346 2095 500 2173 cognitam
526 2092 743 2152 Armeniorum
783 2092 964 2170 perfidiam,
1002 2115 1059 2156 nee
1088 2095 1172 2157 aliud
1201 2099 1275 2160 suh.

245 2190 313 2266 sidii
344 2219 434 2279 qnam
467 2197 623 2257 castellum
666 2205 834 2258 commeatu
875 2219 1014 2280 egenum.
1073 2203 1120 2264 Ne
1154 2205 1275 2267 dubita-

246 2315 292 2366 ret
312 2307 403 2364 armis
425 2305 597 2364 incruentas
618 2301 813 2382 condiciones!
832 2302 932 2366 malle.
974 2308 1147 2371 Cunctante
1175 2312 1215 2372 ad
1242 2335 1278 2374 ea

245 2409 446 2477 Mithridate,
476 2422 505 2471 et
527 2413 669 2491 suspectis
692 2411 837 2490 praefecti
859 2413 1013 2494 consiliis,
1036 2418 1116 2500 quod
1139 2420 1273 2501 pellicem

245 2521 358 2600 regiam
381 2518 551 2598 polluerat,
573 2522 666 2600 inque
690 2539 813 2580 omnem
826 2519 984 2583 libidinem
1004 2527 1119 2586 venalis
1139 2528 1273 2590 habeha-
1293 2561 1335 2602 20

243 2634 317 2696 tur,
342 2625 501 2706 Casperius
527 2625 649 2686 interim
678 2625 718 2686 ad
738 2607 964 2689 Pharasmanen
985 2630 1150 2710 pervadit,
1182 2643 1277 2715 utque

246 2730 354 2790 Hiberi
375 2734 495 2794 obsidio
513 2733 664 2795 decedant
685 2733 866 2814 expostulat.
910 2735 964 2796 llle
984 2735 1140 2818 propalam
1161 2741 1276 2803 ineerta

245 2977 370 3035 ridetur,
389 2974 433 3025 hic
452 2971 629 3024 inculcatur?
648 2973 700 3024 Sed
720 2977 804 3026 maius
823 2972 898 3043 quod
914 2971 984 3023 illud
1002 2973 1218 3030 additamentum
1239 2995 1274 3030 ne

249 3080 342 3139 aptum
361 3068 471 3141 quidem
493 3075 543 3119 est·
555 3071 639 3118 totius
657 3068 709 3118 loci
729 3068 900 3119 sententiae:
928 3081 991 3118 nam
1021 3069 1128 3122 etiamsi
1147 3073 1274 3124 Romanis

248 3163 465 3216 machinamenta
486 3171 514 3214 et
531 3157 604 3213 assiu
623 3163 857 3230 oppugnationum
876 3161 991 3214 maxime
1009 3177 1090 3229 guars
1110 3173 1190 3228 sunt,
1205 3163 1274 3240 'qnid

248 3257 384 3310 militibus
403 3277 458 3312 non
476 3255 698 3324 oppugnantibus
717 3237 765 3306 setl
778 3257 943 3325 praesidinm
960 3255 1127 3324 agitantibus
1144 3275 1175 3310 ea
1189 3262 1276 3312 scien.

250 3353 288 3404 tia
306 3353 434 3420 prodesse
453 3349 566 3420 potuit?
583 3349 721 3400 Postremo
740 3351 845 3402 attendi
867 3352 948 3403 velim
971 3351 1006 3403 ad
1023 3353 1163 3416 molestam
1180 3361 1210 3405 et
1225 3371 1276 3423 pu·

250 3447 345 3496 erilem
367 3447 575 3515 repetitionem:
599 3444 678 3500 stitit
707 3457 762 3498 tam
789 3446 916 3514 ignarum
935 3446 1062 3500 tartaris
1082 3478 1113 3492 -·
1137 3448 1216 3502 nobis
1242 3465 1275 3502 sa

248 3557 315 3608 pars
334 3557 423 3609 gnare
441 3554 489 3592 est.
1118 3527 1120 3530 ¹

341 3633 366 3690 5.
383 3645 527 3686 uterentur
544 3635 600 3684 sive
616 3640 786 3683 meterentur
803 3630 854 3680 Me,

335 3729 361 3776 8.
382 3729 471 3778 Titum
499 3723 667 3796 Ummidium]
695 3722 863 3776 tummidirssa
887 3725 948 3788 Μ’,
967 3726 1094 3798 idemque
1114 3728 1193 3792 Xlll,
1211 3731 1234 3786 8.
1251 3746 1276 3797 9.

253 3815 383 3872 acridium
402 3828 430 3872 st
447 3819 569 3878 amidio,
587 3818 664 3878 xlv,
679 3819 720 3871 26.
741 3817 848 3872 umidis'.
885 3819 949 3872 Mox
958 3821 1046 3892 soret*
1058 3823 1110 3876 ids.

327 3915 367 3968 rs.
387 3931 469 3985 quam
490 3913 651 3966 incruentas
666 3911 726 3980 M⁸3
741 3927 825 3986 quam
842 3909 944 3972 delerit
957 3914 1122 3968 'Groslotias
