2826 4730
176 342 297 409 ·100
432 367 433 372 s
665 285 939 392 suuinuu'

99 533 124 602 (a
140 532 232 604 (217.)
316 522 431 584 Eodem
447 541 534 582 auno
556 520 716 582 duodecim
744 520 882 582 celebres
904 518 996 607 Asiae
1015 519 1105 579 urbes
1127 489 1330 598 cellapsaei'l

130 694 141 712 x
232 641 490 693 nocturno‘motu
521 643 639 708 terrae3
668 650 729 713 quo
758 633 954 714 improvisior
982 631 1164 714 graviorque
1189 627 1280 709 pestis

232 741 302 802 fuit.
346 740 453 821 Neque
473 741 594 802 solitum
615 745 646 803 in
666 741 718 802 tali
743 763 812 802 casu
833 741 978 822 effugium
1000 738 1220 812 subveniebat,
1245 739 1281 796 iu

232 859 338 932 aperta
364 850 604 932 prorumpendi,
636 851 708 932 quia
733 850 878 947 'diductis
910 851 1002 912 terris
1034 849 1271 910 hauriebantur.

233 959 353 1028 sedisse
380 960 542 1022 immensos
570 972 710 1035 montes,
745 963 809 1020 visa
830 963 861 1018 iu
881 959 978 1020 arduo
998 981 1077 1041 quae
1100 959 1189 1044 plana
1211 957 1275 1018 fue·
1299 943 1315 1004 5
1402 1011 1403 1020 ,

238 1069 323 1137 rint,
356 1065 501 1130 effulsisse
521 1069 600 1130 inter
619 1072 741 1130 ruinam
762 1071 845 1150 ignes
867 1079 1053 1130 memorant.
1098 1053 1293 1149 Asperiima

234 1178 266 1236 in
286 1175 452 1237 Sardianos
484 1179 545 1240 lues
571 1178 740 1261 plurimum
761 1181 792 1237 in
817 1177 941 1238 eosdem
966 1177 1192 1236 misericordiae
1212 1183 1279 1236 tra·

233 1286 297 1345 xit:
321 1305 392 1346 narn
417 1289 529 1347 centies
549 1288 721 1348 sestertium
738 1284 894 1374 pollicitus
914 1285 1051 1361 Caesar,
1075 1295 1106 1344 et
1126 1296 1276 1366 quantum

169 1437 174 1450 ,
235 1393 354 1452 serario
389 1403 442 1452 aut
474 1393 547 1454 fisco
579 1391 772 1475 pendebant,
808 1394 839 1451 in
874 1393 1120 1474 quinquennium
1148 1394 1276 1454 remisit.

135 1499 138 1508 “
235 1501 389 1582 Magnetes
411 1521 428 1559 a
448 1501 552 1584 Sipylo
574 1503 706 1584 proximi
724 1502 836 1563 damno
850 1524 886 1562 ac
900 1502 1033 1562 remedio
1045 1501 1153 1566 habiti.
1176 1501 1268 1563 Tem·
1291 1514 1324 1554 10
1402 1585 1403 1590 ἵ

235 1609 300 1670 nios
320 1607 575 1690 Philadelphenos
599 1609 750 1693 Aegeatas
772 1609 1047 1692 Apollonidenses,
1079 1614 1192 1694 quique
1213 1613 1281 1671 Mo·

232 1718 309 1780 steni
331 1727 384 1776 aut
406 1715 588 1778 Macedones
608 1718 742 1800 Hyrcani
767 1729 930 1796 vocantur,
954 1729 985 1779 et
1009 1719 1278 1793 Hierocaesaream

127 1809 132 1826 ⁴
205 1841 211 1847 ·
232 1827 389 1908 Myrinam
410 1829 526 1911 Cymen
547 1827 693 1889 Tmolum
720 1826 816 1889 levari
837 1827 921 1889 idem
937 1827 969 1886 in
989 1836 1111 1912 tempus¹
1137 1825 1275 1898 tributis,

233 1937 427 2019 mittiqueex
451 1943 558 1995 seriata
581 1933 697 2016 placuit
717 1937 771 2017 qui
793 1936 963 2016 praesentia
987 1945 1140 2016 spectaret
1160 1934 1275 1995 refove-

233 2051 352 2124 retque.
394 2039 538 2102 Deiectus
560 2054 603 2104 est
625 2045 746 2103 Marcus
767 2042 875 2103 illatus
898 2065 913 2104 e
935 2043 1096 2123 praetoriis
1110 2061 1126 2115 ‚¹
1146 2065 1185 2104 ne
1204 2063 1273 2102 eon·
1289 2036 1323 2098 ¹5

234 2147 326 2211 sulari
347 2147 505 2208 obtinente
529 2147 633 2208 Asiam
654 2147 819 2208 aemulatio
840 2151 919 2208 inter
940 2122 1029 2230 pares
1052 2160 1083 2208 et
1104 2169 1139 2209 ex
1164 2170 1200 2208 eo
1222 2152 1274 2208 im·

233 2255 442 2339 pedimentum
462 2253 613 2322 oreretur.
638 2255 829 2336 Magnificam
852 2255 883 2314 in
906 2254 1065 2338 publicum
1079 2231 1330 2339 largitionemdss

246 2443 537 2460 *ιι-...Ἣ

311 2580 348 2616 ro.
369 2565 511 2633 Magnetes
530 2583 547 2616 a
564 2562 669 2636 Sipylo]
701 2563 769 2616 Urbs
799 2563 937 2634 Magnesia
966 2567 995 2615 in
1024 2564 1163 2617 radicibus
1185 2565 1273 2634 Sipyli

235 2655 336 2708 montis
354 2656 456 2724 Lydiae
479 2658 531 2709 sita
554 2667 633 2748 erat-p
655 2659 750 2727 itaque
768 2651 911 2728 Magnetes
929 2679 946 2724 a
965 2663 1061 2730 Sipylo
1079 2667 1144 2711 scrut
1167 2661 1274 2712 incolae

237 2753 296 2802 eius
316 2750 410 2814 urbis,
440 2769 511 2823 quse
532 2751 596 2804 inde
616 2771 642 2808 ‚a
664 2753 758 2820 Sipylo
784 2756 961 2824 conspicitur.
1011 2755 1132 2823 Respicit
1160 2759 1208 2826 qui
1236 2757 1274 2806 ita

236 2847 334 2897 scribit
359 2841 523 2916 aspicientes
540 2829 613 2908 ἐπ,
642 2850 688 2917 qui
709 2847 743 2898 ab
763 2849 914 2901 Occidente
941 2850 1084 2904 Orientem
1105 2845 1197 2904 velans
1213 2855 1274 2908 Mn-

235 2943 357 3011 gnesiam
378 2939 489 2996 adeunt.
538 2942 642 2990 inversa
664 2941 770 2992 ratione
790 2942 811 2992 si
831 2941 957 2993 homines
977 2958 1011 2994 ex
1031 2942 1202 3012 Cappadocia
1224 2947 1273 2998 ad·

234 3036 376 3087 venientes
401 3033 568 3102 respexeris,
595 3030 678 3085 iidem
706 3037 850 3106 Magnetes
877 3056 959 3108 super
985 3036 1108 3110 Sipylum
1137 3042 1270 3110 appellari

234 3138 356 3199 possunt
396 3129 522 3180 Ceterum
540 3127 609 3180 haec
632 3128 695 3180 urbs
713 3131 794 3199 longe
814 3134 1172 3204 vetustissimaabantiquis
1186 3141 1272 3206 scrip-
1351 3169 1353 3174 *
1399 3185 1400 3193 ,

236 3227 342 3278 toribus
352 3227 471 3296 ‘Sipylus
493 3227 664 3287 nominatur,
688 3234 744 3278 uta
767 3227 880 3280 Pindaro
900 3227 943 3281 Ol.
963 3229 993 3291 1,
1013 3232 1054 3282 38.
1073 3231 1156 3301 (61.);
1179 3242 1272 3300 postes
1312 3209 1315 3218 l

234 3319 269 3371 ab
290 3318 388 3372 incolis
407 3320 546 3390 Magnesia
566 3324 703 3390 appellata
724 3330 782 3384 cst,
800 3332 829 3374 et
848 3339 863 3372 a
883 3325 936 3375 situ
966 3326 1119 3393 Μαγνησία
1141 3317 1198 3379 sind
1218 3333 1272 3381 Σι-

168 3410 172 3422 ¹
234 3410 313 3482 πύλῳ
331 3414 404 3482 apud
424 3414 582 3467 Strabonem
602 3417 671 3467 lilii.
691 3435 716 3486 p.
735 3420 813 3480 asc,
837 3420 994 3486 Muyrnnlu
1013 3416 1071 3471 tini
1088 3421 1222 3488 Σιπύλου
1244 3425 1272 3476 in
1346 3469 1348 3476 Α

160 3487 162 3501 ’
233 3509 351 3560 nummis
370 3524 384 3556 a
405 3505 505 3573 uyckio
518 3507 659 3570 laudatis,
679 3511 827 3576 Magnesia
846 3511 881 3562 alr
900 3513 1029 3582 Sipylo-s
1052 3512 1128 3564 bivio
1139 3515 1272 3578 xxxvii,

233 3603 276 3669 44.
313 3595 422 3652 tinans
442 3609 483 3651 est
503 3602 537 3652 ab
557 3602 607 3652 bac
631 3603 699 3653 urbe
719 3604 857 3669 Magnesia
877 3622 959 3673 super
976 3605 1154 3674 Meaudrum,
1173 3611 1271 3684 deque

232 3696 303 3748 enni.
324 3697 416 3748 Livius
436 3704 464 3746 et
481 3697 580 3748 Strabo
601 3699 666 3748 locis
685 3696 767 3746 modo
786 3697 922 3750 indicatis.
1026 3719 1029 3730 ·
1266 3683 1272 3704 ¹

230 3834 232 3840 .
305 3808 343 3843 rr.
362 3791 566 3858 apollonienses
586 3789 628 3838 M:
648 3789 873 3858 Apollonidenses
890 3793 1037 3854 Ernestius.

304 3903 343 3943 ra.
360 3886 591 3938 hierocaesariarn
610 3878 646 3935 M.

305 3981 343 4032 16.
364 3981 487 4032 crireun·
509 3978 627 4032 editores
651 3988 714 4033 aute
736 3979 894 4038 bellerunr.
932 4015 970 4029 --Ι
994 3988 1069 4042 idern
1092 3993 1201 4046 criticus
1223 4009 1269 4047 se·
