2900 4706
239 301 301 364 ³92
663 289 876 350 ANNALIUM

89 483 117 553 (a
129 482 223 554 atio)
236 480 333 560 cipem
356 479 526 540 Romanum
547 474 883 548 commemoratum,
906 473 1025 534 attineri
1047 493 1117 536 ase
1139 472 1271 554 Vologe-

244 605 296 670 sen
321 599 379 668 pro
398 589 526 664 pignore
539 583 898 644 amicitiaeostentantes.
920 583 980 643 Eos
992 581 1191 664 regredientes
1201 581 1272 640 Cor·
1355 617 1359 624 ·
1426 630 1427 660 2

242 691 334 764 bulo,
360 707 399 748 oe
421 687 601 768 Euphraten
622 689 801 772 transgressi
821 688 954 750 hostium
977 686 1122 748 custodiis
1141 691 1270 750 circum-

240 795 417 856 venirentur
429 841 439 872 ,
461 795 533 856 dato
555 796 706 877 praesidio
728 798 766 857 ad
782 795 886 856 littora
907 799 998 857 maris
1019 794 1106 858 rubri
1126 795 1270 874 deduxit,

240 900 324 962 unde
345 905 445 962 vitatis
455 902 643 969 Parthorum
665 902 777 965 linibus
799 906 913 985 patrias
934 906 965 964 in
982 903 1066 966 sedes
1088 905 1309 968 remeavere5

240 1009 324 1087 Quin
355 1020 385 1070 et
400 1009 561 1071 Tiridaten
598 1031 651 1093 per
671 1011 776 1074 Medos
797 1023 932 1073 extrema
959 1011 1123 1072 Armeniae
1152 1002 1330 1084 immo-26

237 1128 321 1196 tem,
353 1121 517 1200 praemisso
546 1137 616 1178 cum
637 1117 755 1198 auxiliis
777 1117 935 1182 Verulano
963 1117 1074 1202 iegato,
1101 1131 1192 1200 atque
1209 1119 1270 1198 ipse

236 1223 405 1306 legionibus
425 1229 513 1304 citis,
532 1227 621 1290 abire
641 1225 748 1309 procul
768 1248 805 1289 aa
819 1249 906 1310 spem
927 1227 997 1290 belli
1019 1233 1161 1288 amittere
1179 1225 1269 1286 sube-

236 1331 304 1412 git3
326 1353 460 1415 quosque
475 1331 562 1396 nohis
583 1355 703 1398 aversos
717 1336 831 1396 animis
851 1347 1053 1418 cognoverat,
1075 1333 1220 1414 caedibus
1239 1344 1269 1394 et

235 1439 380 1499 incendiis
400 1439 636 1520 perpopulatus,
665 1442 881 1522 possessionem
904 1439 1068 1502 Armeniae
1088 1439 1262 1520 usurpabat,
1289 1449 1326 1489 ἑο

233 1567 303 1608 oum
324 1545 448 1608 advenit
466 1549 615 1630 Tigranes
635 1570 654 1608 a
673 1549 795 1610 Nerone
815 1547 854 1608 ad
876 1548 1089 1628 capessendum
1107 1548 1265 1628 imperium

233 1653 391 1732 delectus,
412 1655 625 1738 Cappadocum
646 1677 681 1716 ex
702 1656 870 1730 nobilitate,
895 1659 975 1738 regis
997 1655 1138 1716 Archelai
1160 1676 1265 1735 nepos,

232 1759 287 1822 aed
312 1759 395 1842 quod
416 1759 472 1823 diu
492 1760 579 1824 obses
598 1761 678 1843 apud
699 1762 806 1823 urbem
825 1759 936 1832 luerat,
958 1758 1107 1839 usquead
1125 1757 1265 1818 servilem

231 1868 405 1950 patientiam
428 1867 588 1932 demissus.
608 1872 669 1930 Nec
690 1889 838 1930 consensu
859 1875 1016 1947 acceptus,
1039 1866 1167 1926 durante
1184 1865 1263 1946 apud

232 1977 379 2057 quosdam
399 1974 503 2032 favore
515 1973 740 2038 Arsacidarum.
782 1975 825 2034 At
844 1971 976 2053 plerique
995 1971 1165 2052 superbiam
1189 1972 1262 2032 Par-.
1287 1973 1326 2055 ,¹5
1429 2047 1430 2056 ἵ

231 2082 353 2144 thorum
377 2078 474 2162 perosi
495 2079 631 2140 daturne
647 2081 791 2140 Romanis
810 2099 911 2162 regem
932 2078 1094 2140 malebant.
1117 2079 1266 2140 Additum

234 2193 266 2247 et
286 2177 496 2266 praesidium,
545 2183 617 2245 mile
650 2183 828 2266 legionarii,
859 2193 921 2246 tres
955 2181 1104 2244 soeionim
1127 2185 1266 2276 ¹cohorter

231 2295 369 2374 duaeque
389 2292 525 2374 equitum
549 2291 634 2365 alae,
660 2311 721 2372 quo
742 2290 860 2350 facilius
883 2312 996 2352 novum
1021 2314 1145 2374 regnum
1164 2305 1264 2354 tuere-

233 2411 296 2462 tur.
348 2399 428 2460 Pars
463 2398 646 2474 Armeniae,
674 2407 710 2456 ut
742 2397 851 2478 cuique
884 2398 1029 2474 finitima,
1064 2400 1263 2460 Pharasmani

232 2491 453 2588 Polemonique
474 2516 505 2568 et
529 2505 709 2568 Aristobulo
730 2517 820 2588 atque
849 2507 1003 2568 Antiocho
1030 2529 1135 2588 parere
1164 2511 1260 2574 iussae
1282 2540 1326 2578 ao
1429 2453 1431 2582 i

183 2637 187 2647 ¹
233 2627 316 2676 sunt.
359 2613 493 2676 Corbido
508 2615 540 2674 in
562 2613 682 2674 Suriam
700 2614 854 2710 abscessit,'
876 2626 972 2674 morte
1004 2615 1150 2676 Ummidii
1171 2618 1263 2700 legati

230 2745 356 2787 vacuam
381 2744 416 2784 ac
435 2723 492 2784 sibi
514 2726 701 2805 permissam.

311 2830 430 2892 Eodem
446 2850 528 2890 anno
550 2849 585 2888 ex
607 2827 774 2888 illustribus
784 2827 873 2888 Asiae
892 2827 1018 2888 urbibus
1039 2828 1185 2892 Laodicea
1200 2826 1284 2907 tro-2)
1292 2830 1320 2908 7·

228 2958 312 3001 more
335 2950 437 2998 terrae
456 2936 606 3018 prolapsa,
628 2935 713 2996 nullo
733 2956 752 2996 a
772 2936 859 2996 nobis
880 2934 1031 3018 remedio,
1050 2940 1178 3020 propriis
1197 2945 1258 3022 opi.

228 3043 289 3106 bus
307 3045 447 3108 revaluit.
487 3045 583 3110 Atio
608 3044 696 3106 ltalia
720 3055 809 3106 vetus
827 3043 973 3124 oppidum
996 3044 1116 3106 Puteoli
1132 3047 1178 3108 ius
1201 3065 1254 3107 oo.
1276 3053 1321 3111 25

228 3150 328 3212 loniae
348 3163 376 3212 et
396 3165 627 3235 cognomentum
646 3174 665 3214 a
684 3152 804 3213 Nerone
827 3153 1014 3232 apiseuntur.
1038 3152 1180 3215 Veterani
1196 3161 1256 3217 'l'a·
1311 3149 1317 3157 ’

291 3366 293 3370 ·
312 3364 340 3414 9.
357 3345 436 3397 nodis
454 3343 489 3396 ab
508 3359 571 3410 rege
590 3343 686 3397 anicia
703 3341 745 3392 ms
762 3350 791 3394 et
807 3343 867 3406 atii,
892 3345 970 3398 notis
987 3345 1020 3402 ob
1038 3362 1127 3415 regem
1146 3365 1256 3403 aversos

230 3440 332 3492 animis
353 3435 394 3488 G:
415 3453 464 3504 ego
483 3443 589 3488 secutus
610 3453 668 3488 snm
685 3434 843 3487 bekkernm.

302 3533 340 3584 15.
358 3531 497 3599 plerisque
525 3531 653 3598 superbia
671 3531 720 3582 Μῑ.
763 3529 835 3582 Dein
863 3534 901 3584 18.
928 3545 953 3584 et
971 3539 1036 3584 ante
1066 3552 1120 3604 quo
1150 3536 1256 3602 expulit

227 3621 444 3686 Freinshemiirs3
480 3640 542 3674 mox
574 3625 635 3674 ΒΜι
659 3641 725 3686 narr
756 3626 885 3688 Armenio
915 3640 977 3678 eum
996 3627 1112 3696 cuique,
1141 3628 1164 3676 G
1187 3645 1256 3695 para

226 3719 371 3770 Armeniae
391 3731 420 3771 ut
439 3735 470 3780 e,
489 3725 546 3768 tum
576 3721 757 3772 Plrornsmoni
776 3721 965 3788 Polemonique
987 3721 1005 3770 Ι.
1026 3722 1067 3774 Fr.
1084 3722 1252 3775 Gronovius:

223 3833 289 3881 pars
308 3815 448 3882 nipuh'que
466 3812 514 3860 Μ’.

297 3920 337 3957 αι.
357 3905 484 3960 abscessit
504 3907 626 3974 Lipsius:
646 3907 752 3961 codices
771 3911 892 3963 accessit.
929 3910 994 3963 iiior
1014 3915 1053 3980 24.
1075 3931 1091 3963 a
1109 3927 1160 3964 om.
1182 3909 1230 3962 tir.
