2862 4726
217 247 277 310 2⁰8
316 303 320 314 ,
625 235 838 303 eruturum

65 435 92 506 (a
110 431 213 506 cat.)
295 423 413 488 Obiere
432 443 468 486 eo
489 445 570 488 auno
587 427 648 486 viri
671 423 787 484 nobiles
809 425 931 484 Gnaeus
954 420 1103 482 Lentulus
1123 431 1154 482 et
1172 401 1306 484 Lucili

216 521 440 600 us'Domitius'.
480 531 612 607 Lentulo
632 553 725 614 super
743 532 936 592 consulatum
955 541 988 590 et
1001 528 1198 612 triumphalia
1220 529 1259 592 de

216 639 353 702 Gaetulis
375 639 492 722 gloriae
512 630 620 702 luerat
635 640 713 702 bene
730 640 861 702 tolerata
888 651 1071 722 paupertas,
1103 636 1175 698 dein
1196 659 1260 698 rna·

217 769 295 836 gnae
315 769 389 832 opes
416 749 597 808 innocenter
611 758 745 843 paratae
773 759 805 808 et
824 747 959 810 modeste
983 746 1116 808 habitae.
1158 746 1261 807 Domi

133 875 135 881 ’
217 861 294 918 tisim
315 856 468 916 decoravit
488 867 575 938 pater
596 855 678 916 civili
706 853 788 916 bello
813 856 906 916 maris
926 865 1056 938 potens,
1077 850 1176 914 donec
1198 857 1262 914 An.
1278 849 1294 913 5

220 965 298 1026 tonii
320 962 476 1044 partibus,
494 983 563 1022 mox
588 961 726 1024 Caesaris
750 961 937 1026 misceretur.
980 962 1064 1022 Avus
1084 959 1263 1022 Pharsalica

218 1073 285 1132 acie
304 1092 363 1152 pro
383 1071 591 1153 optumatibus
612 1056 775 1132 ceciderat.
817 1070 886 1152 lpse
909 1069 1059 1144 delectus,
1092 1069 1142 1130 cui
1165 1069 1264 1130 minor

221 1174 375 1252 Antonia,
399 1180 529 1240 Octavia
554 1179 676 1262 genita,
695 1181 727 1238 in
753 1179 992 1238 matrimonium
1013 1178 1150 1237 daretur.
1192 1177 1266 1238 Post

221 1289 357 1350 exercitu
379 1285 495 1348 flumen
516 1285 618 1348 Albim
640 1286 845 1363 transcendit,
870 1283 989 1367 longius
1009 1294 1166 1366 penetrata
1188 1286 1266 1344 Ger-

221 1393 322 1456 mania
342 1416 435 1476 quam
464 1395 626 1477 quisquam
646 1396 804 1477 priorum5
833 1415 942 1476 easque
974 1391 1016 1452 ob
1055 1413 1104 1453 res
1134 1393 1264 1475 insignia
1286 1401 1316 1442 ¹⁰

165 1535 168 1541 =
198 1502 371 1589 'tqiurnpbi
392 1502 520 1586 adeptus
539 1515 605 1564 est.
650 1503 740 1564 Obiit
768 1513 799 1564 et
828 1505 940 1564 Lucius
968 1503 1140 1580 Antonius,
1171 1501 1266 1562 multa

223 1609 408 1672 claritudine
432 1613 572 1694 generis,
593 1611 646 1673 sed
671 1615 867 1694 improspera.
911 1610 991 1672 Nam
1014 1621 1101 1692 patre
1121 1612 1188 1670 eius
1201 1606 1267 1669 lulo

224 1718 364 1782 Antonio
379 1721 420 1784 ob
440 1719 628 1781 adulterium
650 1717 748 1780 luliae
771 1728 870 1780 morte
889 1720 1018 1801 punito,
1055 1719 1138 1780 bunc
1161 1719 1267 1780 admo·

225 1827 299 1890 dum
321 1824 600 1904 adulescentulum,
623 1827 736 1887 sororis
756 1837 922 1908 nepotem,
946 1825 1083 1908 seposuit
1113 1831 1269 1910 Augustus

225 1937 258 2001 in
282 1935 436 1997 civitatem
454 1934 690 2007 Massiliensem,
709 1933 762 1994 ubi
782 1937 881 2016 speeie
902 1935 1074 1994 studiorum
1094 1955 1207 1994 nomen
1225 1954 1268 1992 ex·
1290 1935 1321 1998 15

226 2046 285 2108 silii
305 2051 469 2126 tegeretur
526 2040 656 2102 Habitus
684 2052 787 2102 tamen
817 2043 966 2124 supremis
997 2041 1116 2116 bonor,
1143 2061 1270 2154 ossaque

225 2151 346 2216 tumulo
365 2149 567 2210 Octaviorum
587 2147 670 2210 illata
689 2169 747 2230 per
768 2147 926 2210 decretum
946 2161 1080 2210 senatus.

311 2257 411 2320 Isdem
435 2254 612 2316 consulibus
633 2254 751 2314 facinus
772 2265 859 2314 atrox
893 2255 924 2314 in
949 2258 1093 2318 citeriore
1125 2252 1323 2338 Hispaniad5

172 2350 175 2370 Ι
229 2365 410 2428 admisssum
433 2389 452 2428 a
471 2365 603 2449 quodam
619 2365 729 2448 agresti
759 2364 892 2428 nationis
910 2367 1128 2432 Termestinae.
1149 2371 1176 2430 ls
1190 2389 1274 2450 prae

229 2484 329 2536 torem
349 2476 526 2556 provinciae
544 2474 673 2535 Lucium
700 2472 861 2549 Pisonem,
883 2495 959 2556 pace
990 2476 1205 2553 incuriosum,
1237 2495 1270 2534 ex
1290 2496 1325 2536 oo

231 2583 396 2663 improviso
417 2583 449 2641 in
471 2579 580 2641 itinere
601 2580 726 2672 adortus
750 2602 812 2640 uno
836 2580 965 2644 vulnere
984 2584 1015 2642 in
1045 2591 1175 2644 mortem
1201 2583 1274 2644 affe·

231 2692 296 2771 oit3
319 2711 356 2752 ac
376 2675 560 2772 pernicitate
584 2689 657 2770 equi
676 2688 846 2771 profugus,
870 2701 1029 2772 postquam
1053 2691 1203 2752 saltuosos
1228 2691 1275 2752 lo.

231 2820 282 2862 cos
305 2799 473 2886 attigerat,
502 2795 626 2858 dimisso
645 2818 725 2878 equo
744 2819 798 2878 per
818 2796 948 2880 derupta
973 2810 1003 2862 et
1028 2798 1100 2859 avia
1121 2803 1277 2882 sequentis

233 2908 397 2968 frustratus
417 2915 485 2972 est.
507 2904 612 2988 Neque
633 2903 686 2966 diu
707 2903 837 2966 fefellit:
873 2926 945 2966 nam
976 2927 1087 2987 prenso
1122 2906 1278 2989 ductoque

232 3037 292 3102 per
311 3017 465 3098 proximos
485 3035 575 3096 pagos
595 3033 697 3094 equo,
719 3017 805 3074 ouius
828 3014 910 3076 soret
931 3017 1101 3098 cognitum.
1157 3015 1198 3076 Et
1228 3037 1276 3075 re·
1294 3014 1329 3078 25

233 3130 339 3205 pertus
350 3141 420 3180 cum
434 3123 590 3181 tormentis
613 3119 705 3181 edere
719 3123 857 3181 conscios
871 3120 1067 3202 adigeretur,
1077 3142 1151 3183 voce
1166 3143 1277 3205 magna

236 3247 377 3289 sermone
397 3227 498 3309 patrio
517 3225 628 3287 frustra
643 3247 677 3287 se
699 3225 885 3309 interrogari
896 3226 1085 3288 clamitavit:
1107 3229 1279 3290 assisterent
1338 3221 1342 3229 ¹

237 3335 312 3396 socii
331 3353 366 3396 ac
386 3343 578 3418 spectarent5
611 3330 728 3394 nullam
755 3333 819 3394 vim
854 3341 972 3394 tantam
1009 3330 1122 3393 doloris
1147 3333 1215 3397 lore
1244 3347 1278 3397 ut

330 3689 354 3741 3.
373 3683 406 3738 cle
425 3683 560 3756 Geetrrlis]
590 3683 697 3756 degeres
715 3681 761 3746 Μ,
778 3681 812 3736 da
832 3684 907 3736 Getis
927 3683 987 3736 lin.

333 3799 358 3849 7.
375 3777 494 3833 detectus
515 3779 550 3830 Μ.
569 3795 632 3830 mox
656 3795 692 3830 ra.
713 3777 782 3829 iulio
800 3791 848 3844 pro
860 3776 929 3844 ululo
946 3781 984 3832 tt.

316 3889 354 3944 19.
375 3875 578 3928 Termestinos
598 3881 627 3927 et
644 3873 727 3943 paulo
745 3881 808 3960 post
826 3876 1052 3944 permertr'norum
1073 3871 1111 3930 ll.
