2862 4730
196 317 238 386 28
538 307 542 312 ’
603 311 819 380 ANNALIUM
892 311 893 314 ’

44 493 287 578 lautiorem}
317 510 347 560 et
367 509 526 583 postquam
547 514 633 564 ortae
654 500 752 562 nubes
773 497 903 566 offecere
925 499 1003 560 visui
1024 498 1234 584 creditumque

195 605 351 668 conditam
372 604 530 684 tenebris,
552 615 587 666 ut
607 615 678 666 sunt
698 605 825 666 mobiles
845 605 887 675 ad
909 609 1154 691 superstitionem
1169 632 1237 692 per·
1293 628 1295 632 ’

175 713 296 776 'culsae
325 713 418 776 semel
443 725 578 790 mentes,
618 712 676 775 sibi
705 724 865 775 aeternum
901 714 1039 778 laborem
1066 718 1232 798 portendi,

155 852 157 857 ¹
192 843 248 886 sua
278 821 416 883 facinora
447 819 584 884 aversari
616 821 690 884 deos
730 821 948 884 lamentantur.
997 805 1163 886 Utendum
1183 826 1234 885 in-

119 967 120 970 *
191 929 357 993 clinatione
377 951 412 992 ea
436 931 545 994 Caesar
567 941 618 1008 et,
651 949 730 1014 quae
751 951 838 992 casus
857 930 1032 1007 obtulerat,
1063 936 1096 994 in
1117 926 1269 1015 sapien-5

191 1041 268 1101 tium
289 1028 436 1100 vedenda
459 1051 568 1118 ratus,
600 1039 760 1100 circumiri
794 1041 925 1105 tentoria
951 1041 1061 1124 iubet*
1106 1035 1235 1101 Accitur

193 1147 335 1208 centurio
357 1125 520 1231 Clemens,
543 1157 574 1207 et
593 1147 620 1207 si
644 1145 695 1208 alii
719 1147 813 1209 bonis
832 1148 952 1210 artibus
974 1151 1052 1234 grati
1067 1151 1102 1210 in
1114 1149 1234 1230 vulgus.

120 1243 125 1256 ’
194 1249 225 1316 li
246 1250 359 1336 vigitiis
382 1251 565 1314 stationibus
585 1253 729 1315 custodiis
748 1263 911 1336 portarum
932 1277 965 1316 se
975 1259 1129 1335 inserunt,
1150 1265 1240 1340 spem'

53 1329 56 1354 ι
195 1360 350 1441 offerunt,
371 1371 486 1422 metum
504 1361 681 1424 intendunt.
714 1363 907 1446 „Quousque
928 1361 1023 1426 lilium
1045 1366 1235 1448 imperatoris

64 1504 66 1512 =
164 1552 165 1560 ἵ
193 1467 423 1555 obsidebimus?
438 1471 507 1554 quis
527 1474 728 1533 certaminum
750 1474 837 1535 linis?
859 1475 1071 1535 Percennione
1089 1485 1122 1535 et
1141 1467 1284 1546 viba-10

126 1631 129 1639 .
182 1572 265 1639 ‘leno
284 1561 510 1660 sacramentum
530 1579 646 1642 dicturi
667 1581 796 1642 sumus?
818 1581 1003 1642 Percennius
1023 1593 1054 1643 et
1064 1580 1235 1644 Vibulenus
1342 1594 1344 1603 ’

99 1733 102 1744 ,
193 1685 349 1769 stipendia
371 1685 534 1766 militibus,
557 1683 648 1771 agros
669 1687 803 1750 emeritis
814 1685 1010 1771 largientur?
1033 1690 1164 1772 denique
1177 1711 1237 1772 pro
1282 1708 1283 1716 ¹

192 1791 369 1884 Neronibus
387 1805 418 1862 et
435 1795 547 1860 Drusis
581 1797 744 1879 imperium
766 1796 870 1878 populi
893 1797 1023 1859 Romani
1056 1799 1237 1881 capessent?
1294 1817 1297 1822 ·
1365 1853 1368 1865 .

192 1901 268 1984 quin
288 1903 409 1986 potius,
429 1915 465 1965 ut
487 1905 643 1966 novissimi
665 1907 697 1964 in
723 1899 862 1987 culpam,
892 1905 933 1964 ita
956 1905 1046 1986 primi
1068 1905 1107 1966 ad
1130 1906 1235 1987 paeni·

192 2012 321 2075 tentiam
344 2012 470 2074 sumus?
493 2011 597 2072 Tarda
618 2021 690 2072 sunt
709 2031 788 2092 quae
810 1993 1024 2086 incommune
1044 2012 1288 2096 expostulari-15¹
1428 2097 1429 2100 Ἴ

193 2129 271 2186 tur:
299 2119 454 2202 privatam
480 2119 611 2202 gratiam
634 2117 738 2178 statim
763 2110 919 2197 mereare,
952 2123 1054 2182 statim
1074 2117 1237 2203 recipias'*
1265 2190 1269 2213 Ι
1295 2159 1299 2164 =
1428 2105 1429 2122 Χ

186 2218 362 2291 Ὀοωῐῃοῑίε
380 2246 436 2310 per
458 2224 535 2288 haee
556 2225 710 2287 mentibus
730 2237 760 2286 et
776 2227 857 2288 inter
869 2249 900 2288 se
913 2205 1082 2312 suspectis,
1104 2232 1235 2290 tironem

192 2357 212 2398 a
233 2345 409 2414 veterano,
439 2333 590 2416 legionem
608 2355 631 2398 a
653 2331 771 2416 legione
798 2334 972 2412 dissociant.
1025 2338 1106 2404 Tum
1134 2338 1235 2400 redire

192 2441 352 2528 paulatim
366 2461 458 2503 amor
473 2441 631 2522 obsequiis
664 2441 809 2504 omittunt
830 2455 956 2527 portas,
980 2443 1181 2528 signaturum
1204 2445 1233 2516 in
1355 2455 1358 2460 ‘

193 2547 470 2639 locumlpriucipio
491 2548 646 2610 seditionis
675 2564 858 2638 congregata
882 2573 951 2632 suas
979 2555 1011 2614 in
1044 2552 1130 2616 sedes
1154 2554 1285 2616 rese-so

198 2668 282 2725 runt.
317 2642 445 2721 ‘Drusus
466 2667 535 2718 orto
556 2655 606 2719 die
627 2669 658 2720 et
680 2671 786 2722 vocata
808 2664 969 2740 concione,
991 2681 1165 2746 quanquam
1180 2645 1291 2732 rudi,

197 2768 245 2838 dis
264 2766 388 2834 dicendi
403 2811 414 2848 ,
435 2767 592 2835 nobilitate
607 2766 741 2850 ingenita
756 2771 875 2832 incusat
888 2769 1008 2853 priora,
1024 2767 1134 2850 prohat
1145 2787 1234 2850 prae·

127 2855 129 2863 l
196 2878 294 2940 sentia
311 2897 322 2956 3
344 2859 437 2959 negat
456 2896 488 2936 se
506 2885 622 2937 terrore
646 2887 677 2936 et
697 2877 787 2939 minis
810 2879 915 2943 vincis
943 2876 1044 2938 ilesos
1069 2875 1109 2938 ad
1128 2875 1235 2940 mode*¹

196 2987 287 3049 stiam
310 2985 336 3046 si
357 2981 486 3059 videat,
515 2985 540 3042 si
560 2981 710 3064 supplices
729 2987 857 3062 audiat,·
879 2987 1063 3066 scripturum
1084 2985 1180 3066 patri,
1201 2993 1236 3043 ut
1428 3019 1429 3066 r

196 3093 334 3178 placatus
365 3091 518 3173 legionum
544 3111 651 3172 preces
680 3095 840 3177 exciperet.
907 3094 1078 3156 Orantibus
1111 3093 1286 3157 rursumafi

197 3197 280 3273 idem
298 3183 421 3262 Blaesus
447 3209 478 3261 et
498 3199 612 3263 Lucius
644 3203 797 3290 Apronius
833 3203 1108 3286 eques'Romanus
1134 3221 1154 3260 e
1183 3219 1235 3260 eo-
1428 3183 1429 3208 ¹

103 3306 107 3319 '
167 3287 292 3372 'horte
312 3307 427 3386 Drusi,
464 3309 627 3394 Iustusque
648 3313 793 3380 Catonius
827 3314 920 3401 primi
947 3311 1064 3376 ordinis
1084 3310 1234 3395 centurio,

289 3488 314 3539 3.
330 3486 448 3557 potandi
464 3489 510 3541 M:
527 3487 660 3560 portendi
677 3488 739 3538 mm.

290 3581 313 3649 4.
334 3579 483 3636 aduersari
499 3583 541 3635 M:
571 3585 698 3635 aversari
732 3581 886 3635 Rhenanus.
919 3581 999 3636 Cous.
1027 3583 1168 3636 Ernestius
1200 3581 1248 3637 au,

200 3675 305 3730 Hister.
328 3676 359 3740 Ι,
382 3694 403 3730 ι.

288 3773 314 3824 8.
333 3769 369 3842 Ii}
387 3774 418 3823 in
438 3771 478 3835 ld,
497 3771 614 3822 correxit
634 3770 748 3839 Lipsius.

276 3866 517 3936 to.per=cerrnr‘oni
535 3867 572 3922 Μ.
665 3867 666 3873 ’

274 3981 317 4017 ar.
338 3959 481 4034 concione]
499 3961 680 4016 'contentione
698 3961 734 4015 nt.
