2900 4706
473 298 547 374 mn'.
570 315 668 376 xiv..
700 313 785 376 cte,
809 318 899 382 7-9.
949 313 956 331 ·
1132 310 1190 376 sat

175 496 263 554 littus.
308 493 345 554 lli
369 491 493 553 molium
515 493 668 564 obiectus,
693 493 723 550 hi
746 491 897 572 proximas
925 491 1048 572 scaphas
1068 485 1224 554 scande(t
1245 461 1345 562 (1.59.)Ἰ

173 623 220 674 re;
245 602 318 672 alii,
342 595 487 682 quantum
511 622 618 681 corpus
639 601 774 674 sinebat,
804 599 915 658 vadere
948 602 977 658 in
1001 618 1103 674 mare,
1126 597 1195 678 qui·

173 710 241 770 dam
266 712 372 769 marrus
394 707 601 790 protendere,
630 709 784 787 questibus
813 707 889 767 votis
916 705 1045 767 clamore
1076 706 1196 766 diversa

174 820 365 898 rogitantium
381 827 432 876 aut
453 819 568 878 incerta
588 816 834 898 respondentium
855 816 952 875 omnis
973 836 1026 874 ora
1040 813 1196 894 complcri;

137 913 296 993 iafflnere
317 925 421 1004 ingens
442 921 601 982 multitudo
622 943 691 982 cum
715 920 899 992 luminibus,
924 931 1033 1001 atque,
1066 919 1117 980 uhi
1150 924 1197 980 in·

177 1032 323 1090 columem
346 1051 407 1092 esse
428 1031 603 1111 pernotuit,
624 1041 657 1090 ut
678 1031 714 1090 cd
746 1030 924 1112 gratandum
953 1051 1017 1089 sese
1043 1025 1200 1108 expedire,

177 1138 272 1198 donec
302 1149 424 1218 aspectu
458 1143 566 1198 armati
599 1149 627 1198 et
649 1137 814 1198 minitantis
835 1139 962 1221 agminis
982 1137 1096 1203 disiecti
1116 1127 1202 1194 bunt.
1233 1179 1236 1190 .

175 1231 322 1302 Anicetus
343 1242 444 1304 villam
470 1245 597 1304 statione
616 1244 799 1319 circumdat,
822 1226 1013 1324 refractaque
1035 1242 1125 1302 ianua
1146 1242 1205 1300 ob·
1268 1313 1274 1333 x

174 1353 240 1409 rios
260 1369 418 1409 servorum
444 1350 572 1430 abripit,
608 1351 703 1410 donec
720 1349 759 1408 ad
791 1350 875 1411 fores
906 1348 1035 1408 cubiculi
1065 1349 1201 1421 veniret,

120 1463 155 1504 ¹0
175 1459 223 1517 cui
246 1453 334 1539 pauci
354 1457 513 1528 astabant,
537 1457 642 1518 ceteris
672 1467 792 1516 terrore
818 1455 1048 1534 irrumpentium
1079 1457 1204 1516 exterri-

174 1565 222 1626 tis.
264 1563 412 1625 Cubiculo
433 1564 582 1624 modicum
604 1562 706 1622 lumen
727 1563 822 1620 inerat
854 1571 884 1622 et
913 1559 1092 1620 ancillarum
1122 1581 1202 1634 una,

174 1673 267 1752 magis
291 1662 325 1732 ac
348 1669 441 1749 magis
465 1671 550 1728 anxia
585 1666 774 1749 Agrippina,
807 1667 889 1747 quod
917 1687 1006 1726 nemo
1036 1665 1136 1728 afilia
1169 1689 1205 1727 ac

154 1799 212 1838 sne
234 1778 383 1858 Agerinus
408 1777 552 1858 quidem:
577 1776 665 1836 aliam
685 1775 750 1847 fere
771 1773 875 1834 littore
903 1775 1009 1835 faciem
1035 1795 1131 1846 nunc,
1156 1795 1205 1836 so·

105 1959 108 1975 l
174 1883 333 1942 litndiocm
354 1904 389 1940 ac
411 1871 582 1961 rep'eotinos
612 1881 752 1960 strepitus
785 1889 815 1938 et
836 1879 959 1938 extremi
982 1878 1052 1939 mali
1084 1881 1204 1948 indicia.

124 1985 157 2048 25
178 1967 321 2048 Abeunte
341 1990 449 2076 dehinc
471 1987 600 2064 ancilla,
625 1999 684 2059 „tu
704 2007 823 2068 quoque
850 2007 898 2046 me
917 1987 1045 2048 deseris''
1067 1987 1206 2068 prolocn-
1291 2009 1293 2017 ’

176 2104 228 2164 to,
251 2092 368 2172 respicit
402 2069 598 2165 Anicetutn,
618 2092 784 2152 trierarcho
817 2089 979 2154 Herculeio
1020 2104 1049 2152 et
1078 2095 1206 2156 Obarito
1236 2172 1237 2176 Ἰ
1307 2087 1316 2097 ’

176 2199 356 2257 centurione
386 2195 535 2256 classiario
569 2184 760 2271 comitatum
799 2219 833 2258 ec
864 2198 890 2258 si
912 2195 950 2257 ad
968 2199 1127 2263 visendum
1153 2224 1206 2262 re.

176 2309 283 2379 uisset,
311 2305 437 2366 refotam
462 2309 625 2378 nuntiaret,
649 2307 696 2367 sin
715 2307 831 2368 facinus
859 2309 1143 2387 patraturus„nihil
1174 2331 1206 2373 se

176 2414 214 2474 de
233 2412 295 2474 lilio
314 2413 465 2488 credere3=
489 2437 547 2477 oon
573 2415 751 2495 imperatum
772 2415 989 2495 parricidium.
1042 2417 1207 2480 Circumsi·

86 2561 94 2574 ·
122 2543 160 2580 ao
179 2530 264 2582 stum
283 2521 395 2580 lectum
423 2543 630 2602 percussores,
662 2533 691 2582 et
711 2524 797 2603 prior
821 2523 1007 2594 trierarchus
1027 2523 1096 2584 susti
1118 2539 1208 2607 caput

177 2631 239 2690 eius
260 2627 377 2688 afflixit:
400 2651 468 2718 nam
490 2632 519 2688 in
543 2639 670 2688 mortem
688 2617 860 2694 centurioni
881 2630 996 2688 terrum
1016 2628 1207 2714 destringen-

178 2742 200 2797 ti
224 2738 408 2820 protendens
430 2747 568 2806 uterum,
594 2735 852 2812 „ventremieri”
874 2735 1066 2808 exclamavit5
1089 2739 1204 2800 multis·

144 2841 237 2922 =9quc
258 2841 431 2900 vulneribus
461 2840 596 2913 contecta
627 2849 682 2903 cst.
735 2840 817 2900 Haec
846 2861 992 2902 consensu
1021 2835 1205 2924 produntur.

160 2950 373 3027 'aspexeritne
404 2957 530 3006 matrem
553 2948 717 3006 exanimem
745 2947 828 3006 Nero
858 2959 887 3008 et
916 2949 1041 3012 formam
1073 2955 1207 3034 corporis

121 3057 159 3114 25
178 3058 242 3116 eius
273 3055 462 3132 laudaverit,
497 3067 567 3116 sunt
601 3055 652 3136 qui
683 3052 881 3130 tradiderint,
923 3069 993 3121 sunt
1022 3061 1074 3141 qui
1109 3061 1208 3120 abnu-

179 3177 239 3228 ant.
282 3166 420 3224 Crenrata
438 3175 481 3224 est
514 3175 602 3224 nocte
622 3163 746 3238 eadem,
780 3165 929 3226 convivali
951 3166 1043 3242 lecto
1062 3179 1092 3228 et
1124 3190 1206 3230 exse·

179 3273 257 3352 quiis
276 3271 408 3343 vilibus;
430 3292 542 3352 neque,
565 3270 637 3330 dum
664 3271 743 3332 Nero
764 3292 867 3332 rerum
888 3276 1077 3354 potiebatur,
1096 3297 1207 3358 congc-

180 3388 226 3437 sta
246 3388 299 3438 aut
333 3379 433 3438 clausa
465 3376 584 3438 humus.
642 3380 713 3437 Mox
744 3378 973 3440 domesticorum
998 3403 1069 3442 cura
1108 3381 1206 3464 levem

135 3527 141 3550 ,
180 3484 329 3544 tumulum
351 3483 484 3568 accepit,
508 3482 586 3543 viam
607 3484 713 3544 Miseni
735 3497 865 3566 propter
887 3497 918 3547 et
942 3487 1045 3550 villam
1070 3491 1205 3552 Caesaris

268 3740 288 3788 3.
310 3743 377 3790 cotis
394 3719 557 3798 Rhenanus:
579 3742 683 3792 codices
703 3745 792 3806 varim
813 3741 878 3794 dein
896 3763 918 3811 7.
933 3743 1039 3796 'deiecti
1058 3745 1127 3806 utta,
1202 3785 1206 3792 .

257 3835 294 3884 rs.
313 3833 396 3883 aliam
407 3835 472 3901 fore
490 3839 587 3888 lateret
599 3837 704 3906 faciem
727 3835 787 3904 Μῦς
806 3839 920 3887 correxit
939 3839 1123 3894 Puteolanus*

254 3943 295 3980 ai.
317 3945 380 3978 uam
399 3943 481 3982 morte
500 3932 556 3980 Me:
577 3941 639 3983 nam
660 3933 689 3980 in
710 3943 817 3983 mortem
838 3934 912 3986 ARG-
