2862 4730
522 229 599 294 LIB.
623 231 644 288 Ι.
690 231 776 331 CAl‘.
802 235 891 298 1—3.
1195 231 1215 294 5

152 373 247 472 1ΕΜ
268 371 394 472 nornine
413 409 558 493 principis
579 413 637 473 sub
659 411 821 496 imperium
846 415 977 494 accepit.
1021 413 1082 476 Sed
1101 416 1213 486 ueteris

175 518 279 602 populi
301 519 429 582 Romani
451 539 596 601 prospera
616 519 665 580 vel
686 519 813 580 adversa
832 519 922 582 claris
943 520 1144 601 scriptoribus
1155 543 1213 584 me·
1297 563 1303 598 ,
1340 533 1342 542 '

175 638 294 700 inorata
315 638 403 703 sunt,
431 628 681 710 temporibusque
704 629 830 709 Augusti
852 628 992 689 dicendis
1012 649 1075 691 non
1091 627 1213 690 defuere

171 723 282 797 decore
305 737 445 817 ingenia,
484 734 581 796 donec
601 733 748 816 gliscente
772 735 950 798 adulatione
968 736 1213 800 deterrerentur.‘

144 843 290 938 5',I·'iberii
301 843 429 926 Gaiique
442 853 471 904 et
485 841 795 904 ClaudiiacNeronis
812 866 861 904 res
882 843 1062 906 florentibus
1081 847 1152 927 ipsis
1173 845 1214 904 ob

167 963 286 1026 ,metum
300 950 417 1030 falsae,
436 963 599 1034 postquem
623 951 813 1026 occiderant,
838 953 1012 1014 recentibus
1030 954 1108 1015 odiis
1128 975 1209 1014 com·

169 1063 285 1142 positae
299 1070 382 1122 sunt.
425 1059 501 1120 lnde
515 1059 675 1122 currilium
686 1061 761 1122 mibi
783 1081 880 1142 pauca
896 1061 935 1122 de
955 1061 1097 1144 Augusto
1109 1072 1139 1120 et
1160 1083 1205 1120 ex·

169 1179 265 1229 tremo
288 1167 434 1241 tradere,
472 1187 541 1228 mox
557 1168 678 1234 ⁴Tiberii
702 1169 911 1252 principatum
930 1177 963 1230 et
985 1145 1111 1244 cetera,¹
1145 1170 1211 1230 siue

168 1279 216 1338 ira
233 1276 410 1356 et-studio,
433 1295 564 1358 quorum
587 1297 693 1338 causes
715 1257 958 1358 procul'habeo.

130 1365 158 1448 Q
248 1385 416 1466 Postquam
450 1383 544 1463 Bruto
572 1395 603 1446 et
628 1385 733 1446 Cassio
764 1384 860 1444 caesis
889 1381 973 1444 nulla
996 1383 1056 1444 iam
1084 1382 1208 1464 publice

165 1491 270 1571 erma,
305 1493 469 1574 Pompeius
503 1491 586 1574 apud
609 1493 742 1554 Siciliam
764 1511 943 1572 oppressus,
975 1499 1127 1572 exutoque
1148 1491 1215 1569 Le-x

164 1601 251 1684 pido,
274 1593 433 1662 interfecto
455 1601 607 1676 Antonio,
629 1623 668 1662 ne
693 1600 819 1660 lulianis
842 1599 966 1682 quidem
987 1598 1127 1681 pertibus
1148 1599 1206 1660 nisi

164 1710 277 1788 Caesar
296 1707 357 1768 dux
378 1706 536 1787 reliquus,
560 1709 657 1786 posito
679 1709 835 1766 triumviri
857 1707 979 1768 nomine
1004 1705 1158 1769 consulem
1174 1727 1206 1768 se

163 1817 268 1878 ferens
289 1821 321 1874 et
346 1812 384 1872 ad
406 1795 552 1874 tuendam
573 1811 694 1894 plebem
718 1811 885 1874 tribunicio
914 1813 981 1874 iure
1011 1825 1205 1890 contentum,

118 1919 221 1986 t5ubi
242 1919 367 1982 militem
399 1919 508 1997 donis,
539 1919 687 2004 populum
715 1943 855 2000 annona,
887 1933 1013 1982 cuactoe
1044 1921 1206 1984 dulcedine

161 2031 221 2094 otii
240 2023 388 2113 pellexit,
409 2031 572 2112 insurgere
595 2029 762 2112 paulatim,
784 2029 890 2090 munia
914 2009 1205 2113 senetusmagistra·

160 2137 373 2219 tuum'legum
392 2139 424 2198 in
445 2159 478 2198 se
500 2137 640 2213 trahere,
678 2137 763 2199 nullo
793 2139 1006 2228 adversante„
1031 2125 1100 2200 cuni
1123 2139 1203 2200 fero·
1227 2199 1230 2207 ,

161 2247 275 2309 cissimi
295 2265 349 2326 per
368 2232 447 2306 acies
462 2259 514 2307 aut
537 2246 760 2329 proscriptione
780 2247 978 2321 cecidissent,
1004 2251 1096 2309 ceteri
1113 2249 1202 2308 nobi·

162 2353 268 2431 lium,
291 2359 406 2434 quanto
428 2340 646 2434 quiesservitio
666 2355 854 2436 promptior,
877 2353 985 2435 opibus
997 2353 1203 2416 etbouoribue

115 2479 155 2519 oo
164 2458 399 2536 extollerentur,
438 2481 475 2520 ac
506 2462 595 2522 novis
622 2481 656 2521 ex
679 2461 773 2522 rebus
793 2461 872 2520 aucti
893 2471 959 2532 tuta
981 2470 1013 2522 et
1030 2463 1203 2542 praesentia

55 2617 57 2623 .
164 2589 258 2650 quam
278 2579 381 2628 vetera
403 2577 433 2628 et
453 2567 622 2649 periculose
644 2566 781 2628 mallent.
837 2567 939 2647 Neque
964 2569 1141 2650 provinciae
1164 2567 1202 2630 il-

161 2674 227 2736 lnm
250 2697 350 2736 rerum
372 2685 484 2736 statum
505 2675 701 2750 abnuebant,
732 2684 871 2756 suspecto
893 2685 1015 2736 senatus
1035 2675 1200 2757 populique

167 2783 295 2864 imperio
316 2784 357 2844 ob
381 2785 549 2845 certamina
573 2785 746 2863 potentium
769 2793 799 2842 et
819 2783 978 2845 avaritiam
1007 2785 1200 2864 magistratu-

161 2881 238 2966 um',
258 2887 392 2950 invalido
416 2888 515 2970 legum
536 2885 664 2961 auxilio,
689 2907 766 2968 quae
781 2887 810 2944 vi
833 2887 963 2966 ambitu,
983 2899 1134 2968 postremo
1150 2913 1200 2972 pe·

122 2974 251 3056 3cunie
272 2995 487 3059 turbabantur.
539 2993 682 3058 Ceterum
708 2993 1016 3076 Augustustsubeidia
1041 2996 1223 3066 dominati.

233 3207 481 3272 intonarunt,
501 3203 610 3261 etmox
631 3209 748 3280 reliquo.
820 3251 824 3259 .
926 3245 930 3252 .
1040 3247 1043 3256 .

234 3309 272 3361 ¹8.
291 3305 483 3382 peracietaut
492 3303 706 3376 proscriptione]
727 3303 786 3356 Acri
800 3307 828 3354 et
839 3303 957 3374 eleganti
971 3301 1073 3356 iudicio
1085 3299 1198 3358 &eundi
1270 3323 1277 3333 ·
1303 3356 1306 3362 ,

146 3398 287 3451 ‘nominis
307 3413 384 3450 canus
402 3405 543 3456 mutatur:
562 3416 593 3452 ee
613 3401 685 3452 enim
705 3399 860 3452 mutatione
878 3397 1008 3462 efficitur,
1033 3406 1065 3450 ut
1081 3417 1198 3468 praepo-

165 3495 230 3547 titio
248 3494 333 3563 priori
353 3493 524 3544 substantivo
544 3497 699 3562 praeposita
720 3496 834 3562 primum
853 3509 930 3544 suam
949 3499 978 3544 et
994 3508 1052 3544 non
1077 3497 1195 3546 transla-

160 3599 216 3642 tam
236 3589 463 3656 significationem
482 3594 590 3651 teneat,
616 3603 706 3658 eoque
734 3588 868 3654 orationis
893 3589 971 3656 vigor
989 3589 1086 3640 mirum
1106 3605 1194 3660 quan·

156 3691 214 3736 tum
234 3691 371 3751 augeatur.
409 3683 572 3737 Germanice
592 3689 747 3740 convertas:
766 3684 799 3735 iu
816 3680 871 3738 den
881 3682 985 3738 Ratun
998 3680 1196 3740 brutum

155 3778 225 3834 oder
243 3777 330 3830 clarck
350 3777 491 3848 dechtung

128 3853 429 3946 ¹,wfflmM
