2826 4730
416 311 521 416 ¹rin.
543 353 599 444 lq.
623 351 714 412 cnr.
746 359 836 419 1—2.
986 301 990 308 ⁴
1108 359 1166 420 177

127 537 215 604 ravi:
240 515 323 595 nunc
343 533 492 616 originem
506 552 625 606 mores,
646 543 676 593 et
695 553 757 616 quo
770 535 906 594 facinore
930 510 1167 596 dorninationeur
1180 546 1205 616 (a
1224 545 1319 612 cas.)

126 651 251 724 raptum
280 641 375 718 ierit,
409 639 576 722 expediam.
634 639 762 699 Genitus
796 639 943 700 Vulsiniis
978 653 1066 720 patre
1100 644 1170 705 Seio

126 747 282 808 Strabone
301 749 403 828 equite
421 747 582 819 Romane,
606 754 637 806 et
658 747 756 826 prima
777 746 902 806 iuventa
923 743 1035 810 Gaium
1059 751 1186 813 Caesa-³

90 845 101 862 ’
126 879 195 918 rem
211 856 274 917 divi
295 855 424 938 Augusti
451 861 592 938 nepotem
612 865 760 932 sectatus,
783 875 843 914 non
865 855 930 914 sine
952 847 1074 918 rumore
1094 859 1171 940 spi-

89 959 174 1026 dcio
197 965 287 1025 diviti
312 977 343 1026 et
365 964 496 1046 prodigo
518 973 660 1044 stuprum
682 983 761 1022 veno
786 961 923 1044 dedisse,
953 986 1023 1028 mox
1046 966 1171 1030 Tiberi.
1241 996 1244 1003 ·

126 1066 179 1134 uin
205 1074 297 1138 variis
317 1073 436 1132 artibus
474 1071 609 1132 devinxit
646 1069 744 1141 adeo,
781 1080 815 1129 ut
861 1069 1025 1132 obscurum
1059 1073 1171 1136 adver-

125 1201 194 1242 sum
233 1179 307 1240 alios
341 1179 400 1240 sibi
427 1180 480 1238 uni
506 1181 664 1238 incautum
694 1177 908 1258 intectumque
928 1177 1075 1258 efficeret,
1108 1204 1172 1244 non

45 1328 52 1338 ·
126 1297 192 1347 tam
214 1288 345 1370 sollertia
371 1288 493 1369 (quippe
507 1285 604 1346 isdem
625 1284 742 1344 artibus
763 1283 862 1344 victus
886 1286 940 1364 est)
963 1307 1056 1368 quam
1079 1288 1172 1350 deum
1210 1263 1215 1275 „

126 1397 173 1456 ira
193 1396 230 1482 in
245 1415 310 1456 rem
331 1395 521 1472 Romanam,
541 1394 627 1452 cuius
650 1392 715 1472 pari
743 1394 833 1452 exitio
866 1393 962 1474 viguit
986 1395 1169 1480 ceciditque.

72 1519 105 1560 ιο
128 1503 246 1584 Corpus
266 1503 310 1562 illi
331 1502 471 1562 laborum
489 1499 646 1574 tolernns,
669 1490 797 1584 animus
811 1499 928 1578 audax3
949 1502 996 1560 sui
1012 1503 1168 1586 obtegens,

123 1613 157 1670 in
180 1609 254 1671 alios
270 1613 451 1672 criminator
464 1631 473 1686 3
488 1611 573 1670 iuxta
594 1605 731 1667 adulatio
744 1616 774 1666 et
792 1605 953 1686 superbia3
974 1607 1075 1688 palam
1087 1632 1171 1674 com·

125 1717 241 1799 positus
262 1716 382 1797 pudor,
398 1719 488 1776 'intus
510 1735 628 1776 summa
648 1712 803 1795 apiscendi
825 1695 931 1789 lilrido,
954 1707 1079 1798 eiusque
1098 1739 1172 1779 cau·

125 1845 160 1884 sa
178 1821 272 1882 modo
296 1821 416 1903 largitio
437 1832 467 1882 et
486 1819 595 1894 luxus,
621 1822 739 1902 saepius
758 1814 909 1880 industria
935 1841 971 1882 ao
991 1803 1169 1905 vigilantia,

95 1929 218 2010 2haud·
229 1933 331 1992 minus
352 1933 471 2009 noxiae,
487 1931 626 2014 quotiens
644 1929 782 2012 parando
797 1930 1074 2013 regnolinguntur.
1096 1933 1170 1996 vim

72 2047 104 2106 15
126 2040 339 2124 praefecturae
363 2039 514 2100 modicam
532 2049 619 2100 antea
640 2039 781 2119 intendit,
806 2037 957 2120 dispersas
981 2061 1037 2122 per
1060 2040 1170 2104 urbem

121 2149 270 2212 cohortes
290 2170 352 2208 una
372 2151 405 2208 in
431 2144 771 2224 castraconducendo,
802 2157 838 2246 ut
859 2143 950 2238 simul
971 2150 1097 2229 imperia
1118 2171 1169 2210 ae·

123 2251 280 2340 ciperent,
306 2275 497 2339 numeroque
514 2264 545 2316 et
577 2254 691 2316 robore
726 2265 760 2314 et
787 2255 853 2315 visu
876 2256 955 2316 inter
990 2277 1023 2318 se
1056 2256 1169 2320 fiducia

68 2437 71 2446 Ι
122 2365 207 2446 ipsis,
240 2366 272 2422 in
303 2371 419 2423 ceteros
440 2372 538 2424 metus
569 2370 725 2424 cresceret.
769 2359 997 2424 Praetendebat
1026 2365 1167 2427 lascivire
1207 2447 1210 2451 1

139 2541 411 2554 annuo—nam

213 2679 238 2714 2.
255 2673 364 2732 raptum
383 2661 458 2730 perit
475 2661 522 2712 M:
541 2670 649 2732 raptum
672 2657 739 2712 ierit
757 2657 881 2710 Pichena.
901 2657 944 2716 Cf.
962 2659 1062 2712 Histoi.
1080 2663 1120 2726 Il,
1138 2665 1164 2716 6.

123 2753 296 2824 vulgussinid
313 2753 356 2806 M:
378 2755 513 2806 Vulsiniis
532 2756 689 2830 Beroaldusss

212 2853 235 2905 8.
253 2851 353 2920 quippe
370 2847 453 2900 isdem
474 2850 580 2902 artibus
598 2851 691 2903 victus
709 2847 758 2920 cst]
772 2849 866 2903 Victus
885 2849 941 2900 sive
961 2864 1106 2918 oppressus
1123 2861 1165 2904 est

125 2941 257 3006 Seianus,
277 2961 336 2994 cum
356 2944 488 3016 'liberius¹
503 2945 536 2996 de
559 2947 618 2996 eius
636 2947 761 3013 potentia
779 2945 876 2996 auxius
894 2942 1035 2998 hominem
1054 2947 1099 2996 sui
1115 2947 1163 2998 ob·

124 3051 257 3109 tegentem
275 3038 329 3092 sibi
352 3041 560 3106 uuijncautum
579 3039 770 3110 intectumque
790 3039 928 3101 efficeret,
947 3039 1022 3108 quod
1039 3039 1089 3092 ,illi
1106 3057 1163 3092 uon

124 3133 276 3197 accidisset,
293 3134 316 3185 si
334 3137 455 3186 sollertia
476 3136 608 3205 principis
626 3135 776 3200 amicitiapn
794 3141 822 3184 et
843 3133 925 3186 fidem
945 3110 1005 3185 'sitii
1032 3135 1164 3186 coucilia-

95 3223 99 3234 *
123 3230 215 3281 visset.
247 3229 325 3280 Artes
345 3228 380 3281 ad
399 3229 528 3281 Seianum
548 3229 679 3298 paulatim
696 3229 944 3300 opprimenduma
975 3227 1088 3282 Tiberio
1114 3228 1163 3280 nd·

125 3323 225 3378 hibitus
244 3315 371 3392 exposuit
391 3323 444 3376 Dio
463 3324 563 3386 LVlll,
582 3324 678 3391 4-10.
700 3323 739 3376 Cl.
758 3317 871 3381 Sueten.
893 3324 986 3378 Tiber.
1006 3342 1028 3376 c.
1047 3327 1090 3378 65.

145 3441 152 3450 ·
197 3425 236 3477 18·
256 3422 417 3475 crederetur
440 3421 486 3472 M=
512 3433 647 3482 cresceret
674 3421 795 3475 Grotius.
815 3451 850 3460 -
874 3419 984 3472 Codicis
1011 3420 1160 3474 lectionem

119 3525 277 3586 corruptam
293 3533 351 3568 esse
369 3532 429 3568 cum
444 3532 523 3568 nemo
535 3514 633 3568 Latine
649 3517 744 3569 doctus
764 3515 902 3585 ambigere
924 3515 1025 3583 possit,
1048 3515 1078 3565 id
1096 3523 1160 3566 tan·

124 3611 263 3665 tummodo
286 3610 486 3666 decernendum
505 3620 605 3674 restat,
623 3619 712 3662 utrum
735 3611 890 3662 coniectura
905 3607 1000 3661 Sarilii
1015 3625 1160 3663 crearetur

97 3727 103 3744 ι
124 3717 157 3758 an
175 3707 267 3759 Grotii
285 3707 441 3777 Muretique
459 3719 594 3764 cresceret
610 3707 773 3760 inor-dinem
791 3704 938 3774 redigenda
958 3693 1007 3756 sits
1037 3707 1111 3758 Prior
1125 3722 1158 3756 eo

125 3807 262 3869 praestare
280 3801 435 3864 videatur-‚⁰
451 3801 526 3872 quod
547 3802 582 3857 ad
602 3803 756 3854 litterarum
784 3801 898 3866 ductus,
918 3817 996 3871 quos.
1015 3802 1157 3856 Mediceus
1201 3777 1205 3784 ἱ

128 3896 257 3957 exhibet,
279 3879 390 3966 propius
408 3897 535 3962 accedat,
554 3897 602 3950 sed
621 3897 731 3959 eadem,
748 3899 770 3948 si
789 3897 843 3948 loci
868 3898 1003 3950 sententia
1027 3894 1157 3947 conside-

123 3996 208 4056 ratur,
227 3991 342 4052 multum
360 3992 476 4045 infertor
494 3994 655 4062 agnoscitur.
692 3993 763 4044 Nam
783 4000 810 4044 et
830 3991 928 4044 fiducia
947 3991 1092 4059 praetoriis
1111 4004 1156 4039 co·

917 4094 958 4155 12
