2862 4730
326 685 971 767 c.couunu11aac1a1
1078 734 1090 795 .·

36 885 1262 1029 ‚auu-sarum,

495 1103 616 1163 LIBER
638 1100 807 1164 PRIMUS.

488 1373 704 1432 BREViARlllll
724 1377 823 1430 Lllilil.

199 1479 335 1550 Angustus
354 1477 442 1532 Nolae
461 1490 575 1533 mortem
597 1481 665 1534 obit.
690 1481 820 1533 Tiberius
839 1479 961 1533 succedit
978 1478 1056 1532 tarde
1076 1485 1106 1530 et
1125 1495 1173 1530 eu·

128 1575 251 1646 pidinem
270 1576 453 1628 dissimulans.
491 1557 657 1630 Pannonicas
677 1575 800 1644 legiones
823 1585 877 1628 tres
896 1577 982 1644 grauis
1005 1573 1106 1627 seditio
1127 1577 1172 1626 in·

129 1673 219 1725 cessit.
255 1671 292 1722 ts
311 1670 394 1722 misso
412 1669 502 1722 Druso
520 1670 629 1722 'l'iberii
650 1671 708 1721 salio
726 1685 806 1738 aegre
826 1671 1009 1744 componitur.
1046 1668 1121 1729 idem
1140 1671 1171 1720 in

129 1766 278 1819 Germania
298 1763 429 1814 inferiore
447 1769 552 1830 motus3
586 1764 633 1834 qui
663 1744 789 1813 consedit
815 1779 871 1816 non
899 1764 960 1814 sine
984 1765 1116 1832 sanguine
1144 1773 1173 1817 et

133 1859 226 1910 eserie.
264 1855 443 1910 Germanicus
465 1855 565 1910 Caesar
583 1853 613 1908 in
631 1854 738 1908 hostem
757 1857 852 1920 duait,
883 1871 971 1926 esque
995 1857 1172 1924 expeditione

129 1953 213 2006 Marsi
232 1951 375 2003 Tubantes
395 1951 516 2004 Bructeri
530 1950 657 2019 Usipetes
673 1951 771 2002 vastati
790 1958 838 2008 sat
856 1953 936 2004 eaesi.
974 1951 1046 2003 lulio
1058 1953 1173 2022 Augusti

129 2045 187 2098 lilia
207 2045 303 2124 tetegit
324 2045 407 2095 vitam
427 2045 507 2096 finiit.
555 2043 666 2098 Sodales
696 2045 726 2098 in
753 2043 885 2098 honorem
911 2041 1024 2114 Augusti
1055 2053 1084 2098 et
1110 2047 1170 2102 ludi

127 2140 288 2210 Augustalis
306 2138 437 2198 instituti.
475 2139 655 2193 Germanicus
674 2141 775 2191 iterum
795 2140 918 2192 Rhenum
938 2140 1119 2210 transmittit,
1140 2146 1170 2196 iss

129 2236 223 2288 Cattos
245 2235 339 2299 ducit,
367 2249 444 2302 agros
463 2231 558 2286 ‹lomos
576 2232 702 2286 homines
728 2241 815 2286 vastat
833 2233 890 2286 urit
909 2233 1008 2285 caedit.
1046 2235 1170 2304 Segestes

127 2331 274 2384 obsidione
301 2327 419 2382 Arminii
450 2327 593 2382 liberatur.
628 2328 673 2382 Ob
703 2326 770 2380 haec
797 2329 947 2400 imperator
975 2331 1168 2386 consalutatus.
1262 2385 1265 2396 ,

127 2427 235 2479 Bellum
254 2423 357 2476 delude
376 2423 405 2474 in
423 2421 577 2477 Cheruscos
600 2429 713 2493 gestum.
747 2422 891 2493 Reliquiae
909 2424 978 2476 Vari
1004 2432 1033 2476 et
1050 2427 1169 2482 militun

129 2521 241 2585 tectae,
268 2519 358 2590 iisque
377 2535 504 2588 suprema
521 2519 619 2571 soluta.
657 2517 772 2582 Romani
791 2519 821 2570 in
843 2516 951 2582 reditu,
980 2519 1031 2572 sub
1051 2521 1169 2586 Caecius

127 2617 212 2678 duce,
241 2601 407 2684 periclitati:
436 2620 528 2664 tamen
558 2607 650 2664 hostes
679 2625 808 2682 prospera
835 2586 980 2681 eruptione
998 2613 1054 2666 lusi
1072 2617 1168 2685 fugati.

126 2710 282 2764 Maiestatis
301 2709 347 2760 lex
364 2705 477 2762 redacta
498 2710 527 2759 et
545 2721 640 2776 aspere
660 2707 788 2759 exercita.
824 2707 935 2761 Tiberis
953 2707 1079 2762 inundat.
1093 2713 1169 2766 The·

126 2808 220 2860 stralis
238 2802 372 2856 turnultus
391 2809 449 2866 est,
469 2807 498 2852 et
514 2815 563 2870 per
584 2815 644 2854 eam
664 2815 773 2858 eausam
791 2799 901 2855 decreta
919 2811 1027 2874 patrum
1041 2821 1168 2876 expressa

126 2901 163 2954 sd
179 2896 345 2952 coercendos
362 2895 520 2952 histriones.
557 2895 693 2949 Postremo
709 2903 800 2949 aetum
817 2895 852 2950 de
868 2895 1055 2951 subducendis
1069 2887 1166 2958 Tiberi

129 2991 224 3065 aquia,
243 3005 333 3062 eoque
351 2990 464 3044 nomine
484 2991 614 3062 querelae
632 2991 776 3050 civitatum
795 2991 892 3045 Italiae
914 2999 943 3044 et
962 2993 1123 3063 legationes.

196 3093 271 3149 llaec
288 3077 404 3145 biennio
423 3092 480 3158 fere
499 3100 592 3162 gesta,
615 3094 698 3148 Sexto
718 3095 847 3164 Pompeio
864 3102 893 3148 et
917 3094 1000 3148 Sexto
1019 3098 1164 3168 appulsis,

125 3190 234 3244 Nerone
256 3183 375 3244 claudio
396 3189 484 3242 Druso
506 3188 620 3241 Caesare
641 3197 670 3241 et
689 3189 760 3240 Gaio
778 3189 907 3244 Norbano
926 3191 1093 3247 oonsulibus.

479 3297 804 3318 m

126 3351 260 3444 Urbem
283 3383 451 3447 Romame
482 3377 634 3462 principio
661 3399 746 3464 reges
774 3379 921 3444 habuere.
972 3381 1163 3450 Libertatem

132 3497 163 3556 et
184 3485 376 3578 aemulatum
401 3485 514 3545 Lucius
531 3481 642 3544 Brutus
651 3477 791 3548 instituit.
831 3487 1014 3550 Dictaturae
1036 3493 1075 3552 ad
1090 3505 1163 3556 tem-

222 3727 242 3762 ι.
264 3706 534 3780 Urbane-habraeus.)
573 3709 717 3774 Annalium
737 3709 871 3779 τηλαυγὲς
888 3709 1050 3780 πρόσωπον
1067 3713 1102 3764 ab
1114 3714 1163 3768 he·

127 3812 249 3854 xametro
269 3803 385 3872 grauiter
404 3805 438 3862 tid
456 3819 536 3866 auses
557 3806 699 3858 accidente
725 3805 849 3873 orditum
879 3806 952 3878 quod
979 3816 1070 3858 utrum
1100 3823 1161 3860 casu

126 3897 259 3952 acciderit
276 3913 312 3952 an
330 3901 436 3952 ratione
456 3901 612 3962 institutum
631 3901 686 3964 sit,
706 3902 754 3972 qui
774 3901 952 3974 quaesivere,
972 3917 1027 3956 non
1040 3901 1105 3962 setis
1119 3909 1162 3956 at·
