2900 4706
158 389 160 396 Α
245 305 308 374 tos
379 251 391 262 ⁸
535 391 540 397 ,A
670 267 910 394 suusnrnu'

98 478 125 548 (ι
141 478 234 554 Mt)
246 503 322 546 nero
341 504 403 546 non
424 486 544 567 possim,
568 483 749 568 praesidium
770 495 849 568 peto.
891 483 965 544 lube
982 503 1037 566 per
1058 489 1275 564 procuratores

19 571 20 576 ἵ
240 599 310 650 tuos
324 578 530 650 edmiuistruri
538 635 548 665 ,
576 590 609 652 in
638 601 723 651 tuam
739 591 904 651 inmunem
931 589 1033 670 recipi.
1073 586 1137 648 Nec
1161 610 1211 648 me
1235 591 1269 648 in

239 679 445 778 paupertatem
467 698 530 778 ipse
548 696 732 776 detrudam,
764 697 819 764 sed
840 695 975 773 traditis,
998 713 1125 777 quorum
1153 695 1269 778 fulgore

238 802 457 884 praestringor,
482 783 563 884 quod
581 791 723 884 temporis
741 803 900 865 hortorum
934 811 987 861 ent
1012 800 1156 862 villarum
1177 821 1268 862 curse

237 909 413 989 seponitur,
437 908 468 968 in
490 908 625 970 animum
644 907 806 968 revocabo.
849 907 990 988 Superest
1023 905 1078 965 tibi
1110 906 1208 966 robur
1233 915 1305 980 εἲς

236 1022 285 1074 tot
306 1035 361 1096 per
381 1035 475 1076 annos
506 1017 604 1075 visum
633 1014 743 1095 fastigii
765 1013 911 1096 regimem
948 1031 1106 1092 possumus
1136 1011 1265 1072 seniores

237 1121 325 1180 amici
348 1121 481 1202 quietem
504 1121 695 1201 respondere.
739 1119 805 1181 Hoc
828 1140 948 1202 quoque
971 1117 1003 1178 in
1031 1129 1114 1180 tuem
1135 1119 1266 1202 glopism

236 1225 340 1305 cedet,
363 1248 413 1288 eos
434 1226 472 1286 ad
501 1249 618 1288 summa
640 1230 766 1306 vexisse,
788 1231 841 1309 qui
865 1237 896 1288 et
924 1227 1041 1286 modice
1068 1225 1264 1290 tolerarent.”

235 1325 285 1394 Ad
303 1356 381 1416 quae
403 1335 483 1396 Nero
504 1337 546 1396 sic
567 1335 663 1397 ferme
683 1337 850 1418 respondit.
876 1336 991 1414 „Quod
1010 1335 1171 1395 meditatae
1190 1341 1289 1420 ora..5
1293 1342 1318 1420 5

232 1441 308 1502 tioni
328 1453 397 1502 tuae
418 1443 517 1503 statim
539 1431 708 1520 occurram,
731 1442 761 1501 id
784 1442 917 1524 primum
939 1445 984 1502 tui
1000 1443 1134 1514 muneris
1153 1441 1260 1517 habeo,
1285 1465 1318 1504 ιο

232 1548 285 1628 qui
305 1539 432 1610 menon
451 1547 568 1610 tentum
601 1549 742 1630 praevise
763 1549 816 1610 sed
837 1543 935 1610 subite
957 1549 1098 1630 expedire
1117 1533 1258 1608 iocuisti.

159 1697 165 1704 ·
231 1653 315 1714 Avus
329 1675 411 1717 meus
426 1657 577 1740 Augustus
599 1656 751 1739 Agrippae
773 1665 804 1716 et
817 1655 980 1716 Maecenati
1001 1677 1145 1736 usurpare
1164 1658 1260 1714 otium

230 1767 301 1840 post
323 1759 443 1824 lobores
456 1766 623 1840 concessit,
646 1762 697 1823 sed
718 1764 749 1822 in
768 1783 804 1822 ee
825 1765 888 1844 ipse
911 1774 1024 1838 estete,
1049 1763 1135 1822 cuius
1156 1771 1261 1822 aucto-

230 1869 303 1928 uites
324 1877 462 1928 tueretur
481 1868 623 1949 quiequid
646 1866 722 1928 illud
742 1879 771 1928 et
792 1865 1001 1948 qualecunque
1030 1867 1203 1942 tribuisset,
1224 1886 1259 1925 uc

228 1957 332 2032 tumen
352 1978 495 2032 neutrum
518 1973 595 2032 datis
611 1972 631 2032 'a
652 1995 683 2034 se
702 1975 840 2054 praemiis
856 1975 946 2033 exuit.
988 1971 1071 2033 Bello
1093 1985 1124 2032 et
1137 1974 1256 2053 pericu·
1279 1985 1318 2046 15

229 2078 266 2138 lis
284 2057 477 2144 meruerunt:
515 2081 546 2139 in
571 2079 608 2140 iis
638 2082 718 2139 euim
748 2083 870 2139 iuventa
898 2082 1025 2160 Augusti
1057 2089 1172 2139 versata
1200 2089 1258 2140 est.

228 2185 291 2244 Nec
313 2186 388 2244 mihi
407 2183 467 2244 t'ela
488 2195 517 2244 et
537 2205 644 2245 munus
671 2196 741 2244 tuae
761 2185 926 2246 defuissent
956 2185 986 2246 in
1018 2186 1108 2264 spinis
1144 2169 1280 2264 egenti.x

227 2288 285 2348 Sed
307 2290 388 2370 quod
409 2309 547 2369 praesens
567 2289 703 2348 condicio
717 2290 872 2367 poscebat,
893 2293 1012 2350 ratione
1032 2289 1155 2357 consilio
1169 2311 1259 2371 prae·

226 2394 317 2472 ceptis
338 2393 517 2473 pueritiam,
540 2391 609 2452 dein
638 2393 798 2452 inventam
834 2381 932 2453 mecm
963 2394 1077 2483 fovisti.
1130 2399 1172 2458 Et
1205 2409 1257 2460 tus

225 2496 348 2576 quidem
389 2519 458 2578 erga
488 2519 535 2557 me
567 2517 714 2572 munere,
744 2496 816 2556 dum
847 2499 910 2557 vito
941 2511 1077 2581 supetet,
1130 2517 1313 2567 aeternum
1433 2495 1435 2562 i

225 2613 336 2664 eruut:
358 2623 435 2684 quae
455 2621 473 2662 a
495 2625 542 2663 me
561 2601 675 2678 habes,
690 2601 777 2664 -horti
796 2613 828 2663 et
847 2602 933 2664 fenus
954 2616 984 2664 et
1005 2605 1114 2682 villae,
1137 2611 1256 2672 casibus

223 2745 513 2762 m-

310 2861 335 2925 l.
351 2863 545 2930 praestringor
565 2840 797 2929 Caunegieterni.:
817 2861 925 2913 codices
940 2863 1128 2934 perstringor.

308 2971 331 3020 7.
354 2955 470 3022 quietem
495 2954 668 3025 respondere]
705 2955 777 3006 Bene
806 2955 957 3006 notandum
986 2957 1061 3026 qnod
1087 2954 1251 3026 praecedens

126 3081 130 3097 .
221 3041 340 3112 regimen
358 3061 406 3110 pro
425 3039 639 3113 gubernaculum
657 3046 771 3108 dicitur,
789 3053 819 3097 ut
837 3048 910 3114 apud
930 3049 1060 3101 Ovidium
1073 3051 1185 3112 Metam.
1204 3057 1249 3118 111,

220 3138 280 3205 593.
298 3137 348 3206 (its
367 3139 473 3189 demum
491 3140 594 3192 locutio
614 3142 697 3193 visum
706 3142 823 3212 fastigii
848 3145 984 3212 regimen,
1015 3163 1096 3218 quem
1115 3134 1184 3202 salso
1202 3167 1248 3202 ex-

219 3229 317 3296 plicuit
336 3230 506 3289 Weltherus,
532 3236 608 3284 omni
629 3233 795 3285 ‹iubilatinni
820 3239 944 3304 exempta
963 3239 1034 3308 est),
1056 3236 1151 3312 itaque
1178 3244 1249 3296 illud

218 3325 336 3393 quietem
353 3323 516 3394 respondere
532 3327 661 3397 (quierem
672 3327 776 3390 ABMV,
791 3329 883 3399 quiete
896 3330 931 3402 G)
942 3333 1056 3387 fortasse
1079 3353 1111 3388 ex
1128 3340 1246 3403 nautico,

218 3421 249 3464 ut
267 3418 305 3466 ita
324 3415 425 3478 dicam,
444 3431 584 3480 sermone,
603 3420 717 3487 petitum
738 3426 799 3477 ert:
820 3425 921 3492 quippe
938 3424 1009 3478 Nero
1022 3429 1193 3496 vgubernator
1215 3433 1245 3488 iu

215 3510 301 3576 puppi
323 3509 356 3558 ad
376 3511 494 3576 regimen
514 3511 609 3563 sedens
630 3512 693 3580 ilum
725 3515 844 3566 seniores
866 3519 985 3570 consulit
1012 3519 1080 3589 quil
1108 3523 1247 3588 rideant,

216 3597 259 3649 illi
279 3601 445 3671 respondent
462 3591 634 3673 ,'‚quierem.·‘

304 3715 330 3763 9.
354 3698 440 3768 Quod]
457 3711 481 3748 es
499 3699 574 3769 quod
596 3700 644 3754 Μ’.

289 3805 325 3841 rs.
347 3788 428 3860 Avus]
450 3791 531 3842 ebrus
549 3793 671 3859 Lipsius,
691 3793 738 3844 sed
759 3795 792 3850 os.
811 3795 850 3856 11,
870 3809 908 3862 η’.
930 3799 972 3862 43.
995 3799 1054 3862 53.,
1075 3791 1127 3854 irbi
1156 3804 1241 3856 amita

105 3879 110 3892 ¹
146 3915 153 3936 0
212 3899 260 3952 pro
280 3884 363 3936 amisa
381 3884 482 3938 maiore
504 3893 531 3938 ct
550 3886 705 3938 avunculus
727 3887 799 3940 idem
821 3893 867 3960 qui
886 3895 1096 3960 proavunculus.
