2900 4724
482 261 557 324 nn.
577 260 648 322 xn.
693 257 788 349 cnr.
811 264 945 331 co-sn
1156 263 1236 330 sis·

188 447 370 520 violentius,
392 445 475 528 quud
497 465 610 506 novum
632 444 741 506 ducem
767 447 898 506 exercitu
928 447 1030 526 ignoto
1053 455 1084 506 et
1114 443 1366 526 coeptatam.)

190 555 292 616 hieme
310 557 425 614 iturum
444 555 565 614 obviam
595 572 658 614 non
681 552 836 613 rebantur.
888 549 942 612 Ille
975 570 1084 632 gnarus
1115 553 1221 633 primis

190 661 348 722 eventibus
367 671 478 722 metum
498 671 553 720 aut
574 659 716 722 fiduciam
738 661 828 742 gigni,
848 659 922 720 citas
951 658 1088 720 cobortes
1119 657 1218 740 rapit,

191 775 234 824 et
249 767 342 826 caesis
361 766 413 848 qui
435 767 631 844 restiterunt,
653 765 793 828 disiectos
815 773 1026 838 consectatus,
1051 786 1089 828 ne
1114 787 1223 843 rursus

155 863 447 955 5congloberentur
467 855 641 956 infensaque
663 885 693 934 et
712 873 805 937 infida
825 895 881 956 pax
904 895 965 944 nun
989 872 1060 935 duci
1080 895 1142 934 nnn
1164 874 1223 936 mi·

185 976 238 1054 titi
260 980 395 1061 requiem
416 979 625 1060 permitteret,
650 979 811 1040 detrahere
837 1001 921 1040 arma
943 982 1106 1062 suspectis,
1128 997 1224 1040 cunc-

183 1094 284 1168 teque
317 1087 424 1146 castris
454 1088 609 1148 Antonam
630 1109 649 1146 e
692 1098 723 1150 at
750 1087 914 1148 Sabrinam
942 1081 1050 1146 fluvios
1079 1083 1224 1146 cohibere

192 1202 290 1273 paret.
334 1190 428 1270 Quod
447 1194 537 1273 primi
555 1195 637 1254 lceni
658 1193 809 1270 abnuere,
836 1193 937 1260 valida
960 1216 1042 1274 gens,
1063 1213 1118 1252 nec
1137 1201 1225 1274 praei

193 1297 240 1362 liis
262 1301 397 1375 contusi,
419 1299 491 1381 quia
509 1301 679 1362 societatem
709 1314 847 1364 nostram
868 1303 1002 1364 volentes
1029 1309 1227 1368 accesserant,
1318 1327 1321 1332 ·

139 1407 308 1488 tollisque
332 1407 505 1475 auctoribus
526 1411 740 1471 circumiectae
760 1407 900 1474 nationes
919 1406 1022 1469 locum
1042 1429 1161 1489 pugnae
1174 1407 1227 1468 de-

193 1513 295 1596 legere
307 1525 424 1594 septum
445 1515 558 1596 agresti
578 1537 688 1598 aggere
713 1525 744 1575 et
764 1514 848 1577 aditu
869 1523 1020 1594 angusto,
1051 1535 1090 1574 ne
1106 1515 1237 1598 pervius,
1305 1577 1308 1592 ζ

194 1621 288 1704 equiti
310 1621 399 1690 foret.
441 1623 488 1684 Ea
506 1625 694 1687 munimenta
715 1624 776 1684 dux
795 1618 966 1700 Romanus,
987 1641 1160 1704 quanquam
1187 1625 1230 1682 si·

193 1752 234 1810 ne
256 1730 369 1790 robore
391 1727 544 1810 legionum
571 1728 695 1790 sociales
725 1731 826 1810 copias
852 1727 1002 1806 ducebat,
1033 1749 1230 1810 perrumpere
1256 1802 1260 1812 Α

196 1835 384 1917 adgreditur,
405 1846 437 1895 et
451 1834 620 1898 distributis
635 1835 813 1898 cohortibus
827 1849 945 1912 turmas
965 1856 1086 1918 quoque
1096 1833 1230 1915 pediturn

133 1930 181 2017 ,¹5
200 1941 241 2004 ad
262 1943 368 2007 munia
386 1947 524 2036 accingis
580 1946 668 2007 Tune
685 1945 756 2006 dato
775 1945 1072 2028 siguoperlringunt
1093 1963 1232 2024 aggerem

196 2049 319 2130 suisque
341 2047 481 2110 claustris
502 2050 662 2130 impeditos
680 2051 815 2112 turbant.
847 2053 959 2132 *Atque
977 2048 1023 2108 illi
1048 2049 1232 2132 conscientie

139 2233 144 2242 .
198 2155 383 2231 rebellionis,
406 2169 435 2220 et
454 2158 586 2238 obseptis
608 2158 734 2240 effugiis,
757 2157 851 2224 merita
873 2168 912 2244 eh
925 2155 1005 2219 clara
1026 2157 1161 2219 facinora
1184 2157 1231 2220 fe·

187 2285 274 2340 ¹cere.
318 2265 387 2352 Qua
410 2285 513 2347 pugna
532 2265 610 2326 filius
633 2266 723 2348 legati
738 2267 866 2331 'Marcus
881 2268 1030 2328 Ostorius
1048 2269 1159 2336 servati
1189 2266 1233 2325 ci-

32 2394 39 2398 ·
145 2368 247 2455 {meis
269 2370 362 2432 decus
382 2359 504 2433 meruit.
548 2373 691 2437 Ceterum
712 2373 797 2434 clade
817 2373 979 2440 Icenorum
1000 2373 1155 2454 compositi
1180 2359 1233 2454 qui

135 2495 183 2546 ,20
200 2472 316 2536 bellum
338 2476 416 2536 inter
437 2489 467 2538 et
489 2499 596 2558 paoem
616 2479 818 2557 dubitabant3
840 2492 871 2540 et
888 2479 996 2564 duetus
1016 2481 1087 2542 inde
1104 2483 1137 2540 in
1154 2482 1236 2542 Can·

193 2604 255 2666 ,goe
282 2585 438 2649 exercitus.
486 2587 605 2660 Vastati
631 2587 715 2666 agri,
747 2586 879 2666 praedae
908 2590 1016 2670 passim
1044 2599 1143 2667 actae,
1173 2612 1234 2653 uon

202 2690 283 2751 ausis
304 2693 397 2750 aciem
418 2692 574 2771 hostibus,
601 2691 649 2754 vel
666 2693 689 2753 si
705 2713 739 2752 er
764 2691 884 2754 occulto
907 2713 1029 2774 carpere
1045 2717 1152 2776 agmen
1168 2707 1236 2758 teu·

146 2777 149 2786 .
202 2808 327 2872 tarent,
348 2799 455 2879 punito
484 2798 568 2860 dolo.
594 2800 733 2882 “lamque
753 2809 883 2862 ventum
904 2797 986 2866 haud
1015 2799 1123 2881 procul
1146 2790 1235 2876 mari,

106 2897 114 2904 ’
203 2904 288 2987 quod
321 2905 500 2970 Hiberniam
530 2906 661 2971 insulam
689 2918 841 2990 espectet,
875 2929 944 2976 eum
965 2919 1051 2970 ortae
1073 2909 1154 2992 apud
1170 2909 1236 2972 Bri·

65 3077 68 3082 ,
144 3007 186 3075 25
205 3023 311 3096 gantas
332 3003 502 3077 discordiae
534 3025 685 3076 retraxere
716 3015 827 3082 ducem
858 3013 1067 3078 destinationis
1094 3007 1235 3090 eertum,
1274 3005 1278 3016 ’

205 3145 244 3183 ne
265 3124 346 3182 nova
373 3118 531 3188 moliretur
558 3120 615 3179 nisi
642 3119 796 3202 prioribus
825 3115 958 3185 firmatis.
1012 3122 1053 3181 Et
1080 3123 1239 3206 Brigantes

206 3229 347 3311 quidem,
366 3227 471 3310 penicis
490 3227 543 3308 qui
564 3243 652 3287 arma»
672 3229 862 3314 ¹coeptabant
888 3229 1069 3308 interfectis,
1101 3231 1131 3290 in
1165 3231 1238 3292 reli·

295 3381 546 3482 &cunctaque-
560 3406 690 3460 cohibere
709 3405 803 3480 parat]
825 3407 914 3461 Verba
944 3423 1014 3478 quae
1042 3409 1087 3460 bie
1113 3407 1240 3478 leguntur

207 3521 269 3558 eum
288 3503 417 3574 explicari
443 3511 471 3554 et
490 3501 525 3554 ad
544 3501 617 3572 leges
635 3497 748 3570 ,linguae
761 3503 875 3554 Latinae
893 3504 1011 3555 revocari
1033 3502 1173 3554 commode
1184 3520 1240 3556 non

209 3598 332 3669 possint,
352 3614 466 3667 eumque
485 3600 515 3650 in
532 3598 646 3666 cingulis
665 3597 775 3648 vocibus
795 3594 871 3650 nulla
893 3614 956 3666 prae
975 3599 1071 3650 ceteris
1089 3599 1239 3668 crispicinni

211 3693 330 3748 obnoxia
347 3693 399 3755 rit,
417 3694 523 3764 aliquid
542 3694 713 3748 intercidisse
732 3694 978 3751 eertum³videtun
1022 3695 1093 3747 Num
1117 3695 1239 3752 scriben-

211 3787 276 3842 dun
292 3789 428 3839 Antoncm
448 3787 521 3840 inter
538 3801 564 3842 et
582 3789 750 3875 Sadripam?

278 3895 319 3936 πο.
338 3882 369 3935 in
389 3883 520 3936 omittunt
536 3884 663 3948 codices,
681 3883 760 3940 dedit
775 3873 916 3938 Pieltcnr.¹
