2826 4730
432 315 873 390 mmmms
1118 305 1270 390 m·

37 589 40 594 y
129 497 273 582 'populos
291 509 449 564 aeternum
470 523 619 571 mansere.
643 487 778 583 Quidam
798 502 920 579 statim,
933 513 995 584 'sut
1016 493 1207 586 postrpram(⁸
1221 495 1317 571 (ΜΨ)

144 627 250 687 regum
270 618 460 688 pertaesum,
488 608 570 694 leges
601 605 783 675 maluerunt,
828 609 894 670 Hae
921 609 1021 692 primo
1052 604 1183 684 rudibus
1210 644 1215 656 ν

142 715 303 776 bominum
325 718 433 778 animis
453 714 602 801 simplices
621 730 735 797 erant3
771 718 962 800 maximeque
988 711 1067 778 fama
1098 717 1180 778 cele-

142 820 247 882 bravit
267 823 477 905 Cretensium,
504 845 580 910 quas
601 829 719 909 Minos,
747 827 988 910 Spartanorum,
1019 845 1095 921 pass
1115 827 1180 909 Ly.

101 927 273 1011 Sourgns,
293 955 330 994 ac
352 955 421 998 mox
446 920 679 998 Atheniensibus
698 938 896 1022 quaesitiores
921 936 982 996 iarn
1016 944 1047 1002 et
1075 933 1181 1016 plures
1254 939 1261 954 '

140 1039 217 1101 soto
237 1042 427 1124 perscripsit.
468 1044 566 1105 Nobis
584 1043 750 1130 Romulus,
772 1053 807 1104 ut
825 1042 966 1118 libitum,
986 1041 1181 1122 imperitave-

146 1159 204 1227 rat‚
226 1150 296 1210 dein
318 1149 420 1212 Numa
451 1148 648 1233 reiigionibus
679 1160 712 1212 et
730 1149 836 1212 divino
856 1149 923 1210 iure
953 1147 1099 1232 populum
1126 1147 1180 1210 de·

147 1258 262 1330 vinxit,
278 1265 461 1339 repertaque
480 1258 627 1340 quaedam
649 1280 667 1319 a
687 1255 780 1318 Tullo
805 1266 838 1319 et
858 1257 957 1319 Anco.
1000 1255 1061 1318 Sed
1091 1274 1180 1339 prae·
1208 1342 1210 1348 Ι

145 1363 252 1445 cipuus
272 1366 397 1428 Servius
415 1365 534 1428 Tullius
554 1377 676 1430 sanctor
700 1366 800 1450 legum
829 1366 911 1445 satir
927 1365 997 1448 quis
1019 1365 1111 1428 etiam
1128 1385 1180 1428 re·

79 1472 195 1556 finges
224 1473 481 1569 obtemperarent.
535 1473 627 1537 Pulso
655 1473 825 1557 Tarquinio
861 1473 1023 1536 adversum
1055 1483 1179 1556 patrum
1278 1505 1280 1514 <

145 1578 289 1640 factiones
310 1578 406 1648 multa
427 1578 557 1662 populus
590 1581 708 1662 paravit
726 1577 858 1642 tuendae
889 1578 1040 1642 libertatis
1055 1589 1098 1641 ‘et
1126 1579 1181 1640 frn-

138 1686 276 1750 snaadae
296 1685 499 1762 eoncordiec3
520 1687 674 1768 creatique
708 1685 886 1764 decemviri,
916 1695 951 1747 et
970 1685 1074 1747 accitis
1101 1705 1180 1768 quae
1207 1765 1210 1770 ἱ
1272 1695 1276 1702 “

141 1812 276 1876 usquam
298 1791 437 1874 egregia,
464 1793 648 1874 compositae
674 1791 835 1854 duodecim
863 1791 1003 1867 tabulae,
1037 1791 1181 1883 iinis'ae·

139 1903 198 1986 iqui
218 1903 302 1967 iuris.
345 1905 420 1964 Nam
441 1913 563 2004 sportae
583 1900 664 1985 leges
686 1904 741 1964 etsi
771 1901 934 1985 aliqnando
969 1903 1000 1964 in
1029 1897 1181 1961 maleficos

83 2004 126 2068 «5
144 2029 182 2070 ex
203 2007 329 2088 delicto,
348 2012 466 2093 saepius
486 2019 588 2072 tamen
610 2010 793 2082 dissensione
810 2009 954 2070 ordinum
974 2020 1004 2071 et
1024 2003 1181 2092 apiscendi

142 2115 265 2180 illicitos
284 2096 418 2178 bonores
437 2127 491 2178 aut
512 2116 642 2201 pellendi
663 2117 761 2179 claros
784 2115 866 2178 viros
886 2115 1006 2198 aliaque
1025 2115 1067 2178 ob
1084 2095 1181 2198 prere
1248 2161 1249 2168 κ

142 2245 203 2306 per
225 2227 287 2288 vim
308 2215 386 2288 latae
405 2237 486 2288 sunt.
532 2224 611 2288 Hinc
624 2223 756 2287 Gracchi
775 2235 806 2286 ct
826 2223 985 2286 Saturnini
1007 2219 1181 2286 turbatores

143 2330 257 2413 piebis,
276 2353 336 2418 nec¹
355 2333 454 2394 minor
482 2333 608 2420 largitor
633 2335 756 2396 nomine
787 2343 908 2394 senatus
934 2333 1077 2410 Drusus3
1104 2342 1181 2394 'cor-

146 2443 229 2521 rupti
248 2463 300 2524 spe
322 2453 375 2502 aut
399 2442 478 2503 iliusi
499 2464 556 2525 per
577 2443 823 2504 intercessionem
838 2443 928 2514 socii.
971 2443 1015 2502 Ae
1036 2461 1076 2500 ne
1096 2429 1189 2502 bello'

81 2568 127 2612 ιο
143 2548 268 2632 quidem
289 2550 411 2630 Italico,
436 2573 504 2612 mox
525 2550 607 2612 civili
631 2537 795 2629 omissum,
815 2553 889 2634 quin
911 2551 1009 2612 multa
1031 2558 1062 2608 et
1077 2547 1180 2609 diver-

145 2676 179 2717 sa
202 2655 423 2732 miscerentur,
452 2657 550 2718 donec
573 2639 686 2718 Lucius
713 2656 798 2718 Snila
826 2657 958 2717 dictator
985 2652 1105 2714 abolitis
1131 2651 1180 2714 vel

145 2767 299 2826 conversis
321 2765 491 2846 prioribus,
514 2787 584 2826 erun
611 2766 699 2848 plura
725 2764 912 2842 addidisset,
942 2765 1039 2824 otium
1075 2760 1103 2820 ei
1135 2759 1180 2822 rei
1283 2758 1285 2766 '

146 2869 229 2931 baud
251 2873 283 2932 in
300 2871 426 2953 longum
450 2875 584 2954 paravit,
607 2874 707 2934 statim
728 2857 857 2932 turbidis
886 2870 994 2953 Lepidi
1016 2867 1180 2952 rogationis·

144 2976 226 3058 bus,
249 2961 346 3061 neque
376 2978 472 3040 multo
499 2991 568 3062 post
593 2977 724 3041 tribunis
744 2977 863 3040 reddita
894 2978 1035 3054 licentia,
1056 2996 1180 3058 quoquo

83 3091 127 3154 25
149 3084 290 3166 vellent,
311 3085 457 3168 populum
481 3088 626 3170 agitandi.
670 3091 794 3170 Iamque
825 3109 891 3158 non¹
914 3086 1004 3147 modo
1032 3087 1064 3148 in
1095 3103 1180 3145 oom-

148 3194 314 3284 munesed
334 3195 364 3255 in
386 3195 516 3277 singulos
538 3196 678 3258 homines
699 3197 776 3258 letae
809 3197 1024 3280 quaestiones3
1053 3206 1084 3256 et
1112 3193 1203 3255 cor·¹

85 3302 321 3392 qgruptissime
343 3327 378 3366 re
399 3304 520 3386 publica
535 3303 690 3387 piurimae
711 3305 801 3390 leges.
818 3285 826 3294 ἱ
846 3307 927 3366 Turn
950 3308 1072 3367 Gnaeus
1087 3305 1181 3366 Pom·

148 3409 233 3488 peius
254 3413 378 3474 tertium
400 3413 502 3474 consui
523 3415 707 3496 corrigendis
728 3412 862 3476 moribus
876 3414 1028 3492 delectus,
1059 3426 1089 3474 et
1110 3435 1181 3496 gra·

151 3516 218 3578 vior
238 3520 490 3602 remediisquam
511 3521 619 3582 delicta
642 3533 751 3600 erant,
781 3545 964 3604 suarumque
985 3521 1086 3604 legum
1108 3541 1180 3579 auc-

88 3629 130 3691 50
150 3623 293 3684 totidem
313 3647 349 3685 ac
370 3628 550 3703 subversor,
566 3650 645 3710 quae
658 3631 749 3689 armis
772 3632 936 3704 tuebatur,
964 3632 1055 3690 arinis
1070 3633 1181 3698 amisit,
1251 3673 1260 3694 ,

149 3731 228 3791 Exin
242 3736 384 3794 continua
398 3756 452 3816 per
463 3735 569 3816 viginti
583 3757 676 3798 annos
689 3739 852 3816 discordia,
868 3759 927 3798 non
946 3759 1018 3815 mos,
1041 3761 1100 3798 non
1113 3742 1180 3814 ius;

148 3838 312 3900 deterrima
322 3865 460 3924 quaeque
470 3845 603 3924 impune,
615 3868 649 3906 ac
660 3848 752 3907 muita
762 3849 886 3908 honesta
895 3851 983 3908 exitio
991 3849 1181 3910 fuescseno

140 3948 273 4012 demum
294 3953 451 4014 consulatu
467 3953 575 4014 Caesar
591 3956 757 4036 Augustus,
781 3958 934 4038 potentiae
949 3974 1081 4031 securus,
1105 3941 1187 4037 qnae
