2900 4724
409 361 413 375 2
475 327 548 390 ΗΒ,
569 325 642 390 Xll.
665 327 755 386 CAP.
781 326 917 395 cta-47.
1159 329 1219 396 323

195 521 226 574 et
257 511 372 591 saepius
405 505 541 566 molliora
581 506 785 587 respondens,
818 509 940 568 secretis
968 509 1090 568 nuntiis·
1113 512 1365 585 monet(aC.tr.)

195 618 402 684 Radamistum
421 616 672 694 oppugnationem
700 611 933 694 quoquomodo
963 613 1105 678 celerare.
1155 615 1223 674 Au-

196 732 284 804 getur
307 721 412 804 flagitii
427 743 564 800 merces,
588 733 618 782 et
638 720 738 782 Pollio
758 721 877 782 occulta
899 723 1093 803 corruptione
1122 723 1224 804 impel-

196 827 233 888 lit
252 828 379 905 milites,
408 836 443 886 ut
470 847 572 906 pacem
607 826 779 908 flagitarent
799 843 890 908 seque
917 825 1065 907 praesidio
1092 826 1224 888 abituros

157 939 176 1004 5
198 935 418 994 minitarentur.
458 933 527 1010 Qua
556 933 729 994 necessitate
752 933 945 1015 Mithridates
966 933 1044 1006 diem
1066 933 1224 1015 locumque

138 1035 311 1119 Woederi
327 1038 463 1120 aceepit,
484 1038 665 1120 castelloque
687 1040 848 1121 egreditur.
893 1041 935 1102 Ac
962 1041 1058 1122 primo
1081 1039 1224 1100 Radami-

187 1159 257 1208 stus
277 1150 308 1206 in
332 1146 485 1227 amplexus
506 1146 567 1206 eius
587 1145 697 1210 elibsus
717 1145 859 1206 simulare
879 1147 1066 1227 obsequium,
1087 1167 1225 1208 socerum

195 1275 232 1313 ac
255 1263 408 1333 parentem
426 1249 585 1331 appellare.
630 1251 753 1312 Adiicit.
769 1253 816 1312 ius
839 1252 1022 1326 iurandum,
1046 1273 1105 1310 non
1128 1251 1225 1326 ferro,

196 1380 257 1420 non
281 1378 396 1420 veneno
418 1359 479 1416 vim
503 1356 675 1418 allaturum.
718 1359 814 1418 Simul
835 1360 864 1416 in
892 1359 994 1418 lucum
1020 1361 1225 1441 propinquum

50 1505 53 1514 =
142 1485 178 1528 ιο
198 1463 319 1542 trahit,
341 1465 493 1545 provisum
517 1463 579 1524 illic
602 1465 782 1524 sacrificium
804 1466 981 1544 imperatum
1011 1466 1166 1540 dictitans,
1190 1477 1226 1526 ut

195 1571 242 1634 dis
262 1547 388 1632 testibus
411 1593 467 1652 pax
490 1570 675 1632 firmaretur.
720 1573 787 1631 Mos
809 1581 853 1630 est
872 1569 1014 1650 regibus,
1036 1572 1176 1651 quotiens
1194 1575 1224 1634 in

193 1679 368 1740 societatem
387 1689 514 1753 coeant,
551 1675 705 1758 implicare
732 1677 849 1736 dextras
875 1675 1055 1757 pollicesque
1088 1678 1166 1738 inter
1194 1701 1225 1740 se

173 1823 175 1830 ι
196 1787 310 1846 vincire
332 1785 471 1866 nodoque
493 1781 732 1864 praestringere:
755 1799 821 1838 mox
852 1779 904 1838 ubi
929 1783 1046 1861 sanguis
1068 1794 1149 1843 artus
1174 1805 1226 1844 ex·

195 1887 494 1964 tremossuffuderrt,
515 1885 574 1946 levi
596 1885 660 1958 ictu
679 1904 818 1944 cruorem
840 1883 966 1944 eliciunt
989 1895 1078 1966 atque
1098 1887 1226 1950 invicem
1321 1918 1323 1923 ·

82 1981 86 1988 ’
144 1997 179 2060 ι5
197 1997 344 2062 lambunt.
389 1995 423 2054 ld
444 1969 559 2052 foedus·
584 2012 726 2050 arcanum
748 1990 880 2050 habetur
903 1992 987 2072 quasi
1006 2003 1110 2052 mutuo
1126 2009 1226 2054 'cruo-
1275 1977 1278 1984 Ἰ

194 2123 227 2162 re
247 2113 408 2162 sacratum.
451 2101 508 2160 Sed
529 2110 602 2158 tunc
616 2100 667 2180 qui
690 2121 724 2158 ea
746 2097 843 2159 vincla
865 2099 1057 2179 admovebat,
1080 2100 1226 2164 decidisse
1268 2097 1270 2101 ’

192 2211 336 2270 simulans
368 2231 463 2292 genua
502 2209 688 2268 Mithridatis
720 2209 837 2268 invadit
863 2208 1020 2288 ipsumque
1044 2211 1226 2290 prosternit,

99 2363 101 2368 .
140 2316 340 2402 “simulque
361 2337 507 2378 concursu
526 2315 657 2396 plurium
678 2313 855 2374 iniieiuutur
879 2325 1019 2394 catenae3
1050 2338 1086 2378 ac
1109 2325 1226 2400 compe·
1255 2336 1257 2340 ’

196 2421 245 2496 de,
268 2424 348 2503 quod
362 2423 545 2484 dedecorum
567 2417 735 2502 barbaris,
755 2421 944 2500 trahebatur,
971 2442 1099 2506 moxque
1118 2424 1226 2507 vulgus

140 2553 178 2596 20
195 2529 273 2590 duro
291 2529 571 2610 imperiohabitum
598 2527 708 2608 probra
740 2548 774 2586 ac
803 2527 929 2588 verbera
960 2519 1142 2592 intentabat.
1184 2533 1226 2595 Et
1290 2543 1295 2554 “

196 2645 283 2698 erant
303 2647 407 2698 contra
427 2639 479 2715 qui
497 2645 615 2710 tantam
638 2631 777 2692 fortunae
805 2637 1070 2698 commutationem
1098 2639 1226 2699 misera·

196 2754 311 2805 rentur.
352 2741 523 2820 Secutaque
551 2759 619 2798 cum
644 2741 746 2820 parvis
769 2738 870 2798 liberis
899 2743 1028 2800 coniunx
1052 2755 1159 2803 cuncta
1180 2743 1227 2804 la<
1258 2715 1263 2728 ,

196 2852 382 2910 mentatione
403 2845 583 2926 complebat.
626 2845 760 2904 Diversis
781 2853 812 2906 et
838 2847 980 2906 contectis
1003 2846 1150 2908 vehiculis
1171 2849 1226 2910 ab·

197 2956 320 3030 duntur,
343 2951 417 3010 dum
439 2949 651 3010 Pharasmanis
672 2952 749 3010 iussa
767 2951 1004 3032 exquirerentur.
1049 2951 1096 3014 Illi
1114 2951 1225 3034 cupido

140 3071 179 3135 25
199 3062 285 3142 regni
302 3059 395 3120 fratre
418 3079 453 3120 ac
469 3059 530 3118 filia
550 3059 663 3141 potior,
700 3061 877 3142 animusque
908 3055 1225 3142 sceleribusparatus.

202 3205 471 3218 *uum—nu·—

275 3278 308 3342 ¹4.
326 3291 406 3344 reque
422 3255 571 3344 presidium
590 3274 683 3324 ammis
703 3273 901 3326 minitarentur
917 3273 966 3348 Μι.

271 3386 308 3420 ιο.
326 3372 467 3438 provisum
491 3386 505 3418 a
532 3369 679 3432 ministris,
708 3371 900 3436 imperatuma
934 3373 1019 3420 semet
1049 3367 1127 3434 ipro,
1151 3367 1176 3418 h.
1200 3383 1224 3418 c.

115 3497 117 3502 «
194 3464 334 3532 provisum
359 3468 416 3517 sive
441 3474 569 3534 paratum
599 3479 654 3515 esse
687 3463 746 3516 illic
774 3463 946 3532 sacrificium
974 3471 992 3514 a
1017 3478 1044 3513 se
1064 3460 1225 3531 imperatum

198 3554 339 3608 dictitans.

273 3651 309 3700 rt.
326 3655 530 3724 praestringere
549 3651 669 3721 Lipsius:
686 3651 871 3721 perstringere
889 3649 1004 3700 codices.
1024 3649 1088 3702 Mox
1113 3652 1143 3702 in
1160 3658 1224 3703 aute

201 3757 279 3794 artus
303 3745 405 3795 delerit
431 3744 463 3794 ll.
492 3741 637 3810 lleiusiut,
661 3742 727 3796 dein
749 3747 788 3798 18.
813 3739 937 3812 compede
967 3738 1089 3810 Lipsius:
1117 3743 1224 3797 codices

202 3833 347 3904 compedes.
840 3835 841 3840 ¹

274 3945 313 3997 19.
327 3949 388 3984 mex
405 3933 473 4002 quia
490 3935 589 4002 vulgus
607 3931 657 3983 hle.
676 3931 747 3983 idem
766 3950 807 3987 aa.
826 3943 953 3987 econtra
970 3947 1018 4002 pro
1032 3925 1145 3986 ”contre
