2826 4730
356 252 487 338 'mn
511 280 566 338 tv.
612 281 699 341 aar.
725 286 856 348 11-13.
956 265 959 274 '
1099 241 1208 349 res‘t

122 466 187 524 eius
214 463 378 540 insectari,
410 473 495 522 vetus
528 465 679 544 Augustae
706 439 838 542 ‚odium'
869 474 1022 526 recentem
1056 461 1306 535 LiviaetaCatt
1387 515 1388 522 ,

120 569 339 654 οοηεοῐεηῒίαιη
353 570 520 652 exagitare,
545 580 579 629 ut
597 571 759 652 superbam
781 571 975 648 fecunditate,
997 573 1156 633 subnixam

31 752 32 755 Ἴ
118 679 316 762 popularibus
337 679 444 740 studiis
466 679 583 739 inhiare
602 678 803 740 dominationi
825 678 907 760 apud
929 678 1085 742 Caesarem
1109 702 1158 741 ar-

120 783 263 870 guerent.
308 785 429 869 Adque¹
448 786 522 846 haec
543 785 661 848 callidis
688 787 956 864 cs·im.inatoribuS‚
978 788 1058 874 inter
1081 782 1162 868 quos
1254 842 1258 848 .

86 892 102 953 5
121 894 275 976 delegerat
298 891 411 956 lulium
428 895 623 994 Postumum,
643 915 699 974 per
720 895 907 958 adulterium
926 893 1065 957 Mutiliae
1089 894 1159 954 Pri·

118 1023 189 1062 scae
215 1004 294 1061 inter
314 1002 435 1062 intimos
457 1005 553 1080 aviae,
576 1013 606 1063 et
620 1002 752 1064 consiliis
774 1005 835 1064 suis
855 994 1068 1084 peridoneum,
1089 1003 1163 1084 quia

76 1161 77 1164 ,
119 1109 227 1188 Prisca
249 1111 279 1168 in
304 1111 407 1170 animo
419 1111 573 1192 Augustae
591 1091 710 1184 validai
728 1131 821 1171 auum
846 1094 951 1194 suapte
974 1123 1087 1174 natura
1104 1133 1174 1192 po·-

120 1216 233 1276 tentiae
251 1211 373 1276 ‘anxiam
396 1217 602 1278 insociabilem
633 1219 725 1278 nurui
764 1217 923 1280 efficiebat.
974 1200 1161 1302 Agrippinae

120 1312 243 1406 quoque
269 1327 397 1406 proximi
429 1324 634 1400 illiciebantur
668 1327 772 1409 pravis
805 1328 998 1390 sermonibus
1028 1327 1161 1393 tumidos

72 1431 245 1512 suspiritus
266 1431 487 1511 perstimulare.
1073 1439 1076 1445 '

72 1535 120 1614 18
204 1540 246 1598 At
265 1539 407 1600 Tiberius
428 1538 503 1598 nihil
528 1539 699 1601 intermissa
724 1559 828 1602 rerum
850 1562 925 1602 cura
952 1544 1072 1624 negotia
1093 1563 1162 1621 apro

122 1643 236 1706 solatiis
261 1645 430 1725 accipiens,
465 1647 512 1706 ius
536 1645 660 1723 civium,
682 1669 790 1728 preces
815 1649 966 1708 sociorum
987 1647 1160 1725 ¹tractabats

77 1751 81 1760 ’
121 1753 266 1832 factaque
296 1761 421 1812 auctore
452 1771 489 1812 eo
513 1765 635 1812 senatus
662 1753 821 1830 consulta,
859 1763 892 1812 ut
924 1755 1039 1822 civitati
1069 1754 1163 1836 Ciby·

122 1859 240 1918 raticae
261 1847 342 1940 apud
367 1858 491 1936 Asiam,
515 1857 656 1942 Aegiensi
678 1863 758 1944 apud
780 1859 934 1938 Achaiam,
960 1873 1164 1924 motuterrae
1212 1929 1214 1937 ‚

72 1971 104 2032 15
122 1952 291 2043 labefactis,
313 1966 532 2028 subveniretur
555 1968 732 2029 remissione
751 1967 857 2029 tributi
880 1967 910 2028 in
924 1967 1098 2034 triennium.
1124 1969 1165 2030 Et

122 2071 232 2132 Vibius
257 2073 386 2133 Serenus
409 2073 570 2155 proconsul
592 2074 746 2141 ulterioris
758 2077 937 2158 Hispaniae
955 2077 994 2136 de
1018 2069 1049 2137 ri
1084 2077 1163 2160 pub-

121 2179 181 2240 lica
203 2179 382 2301 damnatus,
403 2181 443 2270 ob
454 2185 648 2244 atrocitatem
663 2205 785 2246 mo1um
800 2185 831 2244 in
850 2183 979 2245 insulam
994 2185 1164 2268 Amorgum

120 2293 286 2304 μ--η-ι-η·
305 2296 333 2302 ---

172 2373 178 2379 -
215 2357 247 2394 α,
257 2295 415 2404 superbiam
433 2329 476 2392 Με
499 2342 641 2411 superbum
663 2344 799 2402 Muretus,

210 2428 235 2492 4
256 2422 350 2495 Adqns
368 2423 450 2494 haec]
473 2431 562 2498 Atque
580 2429 649 2483 haee
672 2429 834 2494 Beroaldus,
868 2431 915 2483 sed
942 2430 995 2482 hoc
1012 2431 1109 2483 vitrum
1128 2430 1162 2479 ab
1239 2426 1250 2506 Ἰ

121 2510 248 2562 Acidalio
267 2523 417 2567 correctum
436 2516 465 2566 in
482 2514 517 2564 Μ.
535 2514 610 2566 baud
627 2517 766 2570 videtur
758 2533 867 2571 messe.
881 2520 985 2588 qnippe
999 2519 1079 2571 Furia
1099 2519 1164 2570 inde

122 2596 197 2649 nihil
218 2601 348 2652 enotavit

213 2675 427 2764 5Postnmum]
444 2709 506 2768 past
523 2695 664 2770 unumflM.
685 2697 726 2755 cf.
743 2697 786 2750 ad.
805 2699 835 2762 1,
855 2699 912 2774 53.χ
953 2713 956 2716 ’
1023 2723 1025 2727 ’

196 2799 236 2864 ra.
257 2783 392 2869 Aegatae
410 2802 448 2858 u.

197 2895 239 2948 16.
255 2890 415 2966 proconsul]
437 2911 563 2964 procons
581 2897 645 2958 Μ.
971 2957 974 2964 ,

195 3007 234 3056 ¹7
254 3001 432 3060 tempamsmr
422 2994 469 3044 Μ.
494 3012 598 3048 morum
622 2991 738 3060 Lipsius.
755 3021 791 3032 -
811 2987 841 3040 Si
858 3003 1007 3059 temporum
1025 2996 1164 3053 tenemus,
1245 3040 1250 3052 ,

123 3085 249 3138 Tacito
240 3087 365 3156 iniquam
383 3087 458 3138 illius
476 3089 574 3140 aetatis
595 3088 824 3156 vituperationem
840 3085 977 3138 donamus.
995 3088 1062 3138 Nam
1080 3085 1164 3137 Vibio

76 3186 78 3197 '
123 3181 226 3235 Sereno
248 3183 282 3234 de
303 3183 330 3234 vi
349 3181 460 3252 publica
489 3183 617 3236 damnato
636 3184 784 3236 secundum
805 3185 892 3253 legem
912 3185 1010 3236 Iuliam
1035 3199 1106 3253 aqua
1137 3189 1165 3232 ct

123 3279 181 3346 igni
204 3278 424 3330 interdicendum
438 3285 505 3332 erat·
523 3279 565 3330 Cf.
576 3280 606 3332 L.
618 3297 655 3332 ιο.
665 3278 685 3350 §
700 3295 725 3337 a.
734 3279 766 3330 D.
784 3279 915 3350 adlegans
930 3279 980 3330 lul.
1003 3278 1037 3330 de
1049 3279 1076 3330 vi
1087 3277 1162 3347 publ.

124 3375 177 3442 48,
191 3378 216 3429 6.
239 3377 333 3428 Postea
347 3377 455 3444 gravior
471 3374 592 3428 criminis
610 3391 715 3446 poena,
728 3383 776 3428 aut
787 3355 914 3426 ultimum
930 3373 1094 3442 supplicium
1116 3381 1165 3425 ant

124 3468 283 3540 deportatio
298 3472 445 3524 constituta
460 3455 509 3524 ἐπ’.
519 3471 562 3528 Cf.
581 3471 608 3522 t.
628 3489 651 3524 s.
669 3474 692 3539 §-
705 3489 724 3522 ι.
737 3471 767 3520 D.
778 3470 812 3522 de
823 3469 919 3540 poenis
938 3471 982 3536 48,
997 3486 1034 3537 ¹9·
1054 3467 1163 3521 Paullus

121 3565 236 3632 Recept.
255 3564 379 3617 Senteut.
407 3565 448 3627 V,
470 3568 520 3628 26,
545 3584 564 3618 r.
591 3565 661 3635 Lege
683 3565 759 3618 iulia
781 3563 814 3618 de
836 3565 863 3616 vi
881 3566 994 3635 publiea
1014 3564 1165 3616 damnatur

121 3659 176 3728 qui
194 3650 293 3732 aliqua
309 3661 442 3730 potestati
455 3659 599 3730 praeditur
615 3661 699 3714 aivam
712 3661 862 3712 Romanum
874 3667 959 3712 antea
976 3657 1015 3711 ad
1026 3661 1165 3730 populum,

123 3771 202 3806 nunc
219 3752 287 3807 ed*
275 3768 467 3826 imperatorem
479 3756 664 3826 appellantem
684 3757 792 3809 necarit
809 3757 938 3808 necarive
958 3757 1085 3816 iusserit,
1104 3767 1163 3806 tor

123 3849 203 3915 serit,
224 3849 426 3910 verberaverit,
442 3834 680 3914 condemnaverit,
697 3852 759 3903 inve
771 3849 884 3920 publica
901 3851 1013 3904 vincula
1029 3849 1119 3902 daei'
1107 3866 1166 3900 aas·
1230 3908 1233 3917 „

124 3944 201 3996 serit
242 3945 326 3999 Caius
347 3943 389 3997 rei
404 3959 495 4016 poena
516 3945 545 3994 in
563 3942 725 4020 humiliares
744 3945 855 4015 capitia
874 3946 915 3999 in
925 3943 1130 4000 honestior‘es
1119 3960 1166 3994 tn
