2862 4730
159 246 214 326 ‘12
312 301 314 306 ,
369 257 391 284 ‘'
579 250 793 324 lunanum
857 209 859 214 ’

24 450 54 514 (a
66 445 97 510 C.
112 443 165 532 14.)
175 429 269 526 genos
290 461 434 506 nummos
454 443 575 506 viritim·
591 441 685 506 dedit.
728 443 1031 507 Tum'consultatum
1054 445 1092 507 de
1113 447 1209 509 hono·

170 549 274 630 ‘ribus3
298 573 334 613 ex
356 551 423 636 quis
447 552 576 629 maxime
601 550 735 634 insignes
758 555 835 614 visi:
864 563 900 614 ut
918 565 1005 636 porta
1028 553 1209 636 triumphali

172 652 337 720 duceretur
357 659 466 736 funus,
486 655 593 719 Gallus
618 647 764 740 Asinius,
789 669 824 721 ut
844 655 947 742 legum
962 659 1092 724 laturum
1113 661 1206 735 tituli,

172 767 325 828 victarum
348 767 387 856 ab
412 767 606 849 cogentium
629 765 780 830 vocabula
810 767 1054 844 anteferrentur,
1097 769 1210 852 Lucius

172 873 343 934 Arruntius
366 891 525 938 censuere.
576 871 716 934 Addebat
741 871 868 934 Messala
893 871 1034 936 Valerius
1060 867 1241 936 senonen-5
1348 894 1357 924 .·

171 979 248 1042 dum
268 1001 323 1062 per
348 999 444 1040 annos
462 990 687 1042 sacramentum
707 982 739 1040 in
767 1001 877 1040 nomen
903 979 1019 1065 Tiberii
1030 1001 1044 1056 ,·
1076 982 1211 1042 interro·

171 1097 320 1169 gatusque
344 1107 363 1147 a
384 1087 536 1168 Tiberio,
571 1109 647 1152 num
682 1111 713 1152 se
737 1089 901 1152 mandante
933 1107 1001 1148 earn
1031 1089 1210 1149 sententiam

170 1195 385 1276 prompsisset,
408 1205 517 1280 sponte
540 1196 653 1259 dixisse
676 1197 857 1280 respondit3
891 1217 989 1279 neque
1012 1190 1042 1254 in
1068 1195 1105 1254 iis
1132 1211 1212 1276 quae

171 1301 211 1362 ad
241 1322 305 1364 rem
327 1302 481 1386 publicam
511 1304 699 1398 pertinerent
733 1302 862 1366 consilio
889 1303 947 1363 nisi
977 1321 1034 1362 suo
1066 1297 1210 1382 usuruud,

170 1409 221 1473 vel
243 1412 313 1472 cum
334 1410 470 1492 periculo
491 1411 673 1474 offensionis.
714 1412 761 1473 Ea
775 1395 839 1472 sola
858 1412 971 1494 species
995 1407 1140 1470 adulandi
1164 1431 1209 1472 su·
1224 1429 1259 1474 to

171 1527 304 1600 peraret.
347 1518 547 1594 Conclamant
573 1531 675 1602 potres
693 1517 861 1602 eorpusad
877 1537 988 1602 rogum
1011 1515 1146 1578 humeris
1170 1537 1211 1579 sc·
1240 1589 1241 1596 ἵ

171 1636 316 1686 natorum
342 1625 511 1688 ferendum.
554 1627 681 1689 Remisit
704 1626 816 1689 Caesar
836 1625 997 1708 adroganti
1022 1625 1210 1686 moderatio.

105 1733 110 1741 ’
173 1753 233 1806 ne,
257 1715 466 1818 populumque
497 1734 599 1802 edicto
632 1735 764 1810 monuit,
786 1753 843 1812 ne,
865 1742 900 1792 ut
933 1731 1087 1814 quondam
1110 1733 1211 1794 nimiis

172 1839 279 1902 studiis
301 1843 392 1906 mnus
419 1845 484 1906 divi
504 1843 574 1911 iulii
593 1842 796 1921 turbassent,
827 1843 869 1902 ita
890 1841 1062 1922 Augustum
1086 1843 1120 1900 in
1131 1840 1211 1944 'foro

171 1951 388 2033 potiusquam
417 1955 449 2012 in
479 1969 587 2034 campo
621 1949 728 2012 Martis
739 1992 752 2028 ,»
780 1948 851 2010 sede
876 1945 1045 2025 destinata,
1080 1951 1260 2016 cremari15

174 2055 299 2124 vellent.
332 2059 400 2120 -Die
418 2059 536 2120 funeris
558 2057 670 2120 milites
689 2057 773 2119 velut
800 2053 952 2137 praesidio
970 2065 1099 2134 stetere,
1130 2057 1212 2118 mul·

174 2173 242 2223 tum
265 2162 467 2228 irridentibus
486 2166 539 2248 qui
564 2165 622 2248 ipsi
640 2165 784 2227 viderant
800 2163 914 2246 quique
934 2185 952 2224 a
975 2163 1152 2246 parentibus
1167 2184 1213 2223 ac·
1242 2212 1248 2226 ,-

175 2283 318 2353 ceperant
344 2272 424 2334 diem
445 2273 533 2334 illum
552 2273 640 2336 crudi
665 2272 766 2360 adhuc
787 2251 904 2334 servitii
924 2279 956 2332 et
985 2271 1132 2333 libertatis
1156 2269 1214 2331 im'·

174 2399 320 2462 prospere
346 2380 510 2462 repetitae,
533 2401 604 2442 cum
625 2382 740 2442 occisus
758 2379 887 2442 dictator
910 2379 1020 2440 Caesar
1039 2375 1107 2438 aliis
1119 2377 1214 2460 pessi-

177 2475 263 2548 mum
286 2484 356 2556 aliis,
372 2487 615 2570 pulcherrimum
639 2489 757 2576 facinus
771 2488 960 2550 ‘videreturz
996 2505 1079 2544 nunc
1110 2507 1214 2546 senem
1224 2507 1264 2561 20·

177 2593 364 2677 prinoipem,
383 2594 647 2681 longapetentis,
670 2597 798 2686 provisis
818 2599 909 2658 etiam
931 2591 1081 2656 heredum
1102 2595 1134 2652 in
1148 2613 1214 2654 rem

77 2693 94 2707 ⁴
178 2699 332 2783 publicam
355 2703 480 2785 opibus,
504 2703 615 2766 auxilio
639 2705 752 2768 scilicet
770 2703 897 2764 militari
915 2699 1081 2786 tuendum,
1108 2710 1144 2760 ut
1168 2721 1215 2761 se-

164 2794 303 2891 'pultum
326 2813 391 2872 eius
409 2813 512 2894 quieta
543 2813 630 2880 soret.
672 2812 797 2898 'Multus
822 2809 894 2870 hinc
918 2810 982 2890 ipso
1014 2807 1053 2870 de
1069 2795 1253 2891 -Augustoq

178 3033 292 3086 Sueten.
311 3033 379 3106 Aug.
396 3053 419 3096 c.
442 3053 497 3091 101.
522 3035 639 3090 Dionem
661 3035 736 3101 tvl,
760 3037 803 3092 32·
848 3029 981 3091 cohortes
1001 3031 1102 3086 civium
1119 3033 1217 3088 Roma-

178 3144 278 3182 norum
296 3137 360 3184 sunt
378 3130 502 3184 cohortes
521 3129 652 3184 urbanae.

263 3225 288 3294 d·
309 3227 500 3298 anteferuntur·
515 3226 553 3280 Μ.

252 3337 292 3376 ta.
312 3321 429 3394 remisit]
454 3319 568 3376 verbum
585 3320 638 3372 hoc
655 3317 714 3371 loco
732 3318 787 3371 vim
804 3307 890 3370 habet
906 3313 1106 3368 intransitivam
1124 3327 1156 3362 ac
1173 3327 1216 3363 re·

180 3418 262 3488 spicit
291 3417 327 3471 ad
351 3429 457 3472 omues*
470 3417 589 3472 honores
617 3414 736 3486 Augusto
765 3412 930 3466 defunctos
960 3417 1054 3472 senatu
1084 3408 1214 3459 decretos.

182 3513 269 3584 Quasi
287 3515 414 3580 precibus
426 3525 573 3582 procerum
589 3527 696 3580 ¹suaque
724 3509 754 3559 in
779 3525 825 3560 eos
852 3505 1024 3562 observantia
1050 3503 1152 3564 victus,
1184 3517 1216 3553 ec

181 3625 239 3664 uon
256 3611 298 3661 rei
315 3610 478 3661 necessitate
497 3614 525 3658 ct
543 3607 664 3658 utilitate
682 3604 884 3674 permutauit,
905 3600 1034 3654 Tiberius
1054 3595 1215 3649 adversandi
1267 3628 1270 3636 -
1298 3638 1302 3642 .

181 3702 237 3754 vim
259 3702 426 3771 compescuit
450 3715 480 3750 ac
506 3716 604 3752 nervos
622 3715 685 3751 suos
703 3697 846 3768 paululum
868 3696 1006 3750 relaxavit.
1029 3695 1127 3746 Eadem
1148 3693 1214 3742 rati·

181 3812 234 3851 one
252 3797 323 3850 intra
341 3811 365 3853 c.
387 3785 557 3866 13.'stectere
578 3795 775 3866 significatione
797 3793 971 3846 intransitiva
992 3789 1150 3842 adhibitum
1163 3793 1213 3840 est.
1290 3841 1293 3844 ,

253 3912 293 3966 ¹9·
312 3895 476 3965 inprospera
493 3893 612 3963 repetito
629 3893 666 3948 M.
