2900 4706
271 321 333 388 464
691 317 907 382 insumunt

125 513 151 584 (s
170 513 199 568 C.
212 506 368 583 65.}omisit
390 505 509 568 Silanus
529 503 625 566 obniti
648 517 679 566 et
699 503 861 566 intendere
882 508 969 577 ictus,
989 516 1135 586 quantum
1156 503 1293 564 monibus

134 592 142 604 ¹
270 612 359 674 nudis
391 613 529 689 valebat,
562 613 657 672 donec
688 628 705 671 a
736 611 914 674 'centurione
952 610 1129 674 volneribus
1162 611 1294 700 adversis

269 732 417 803 tanquam
438 723 468 780 in
489 741 587 802 pugna
606 721 736 782 caderet.

226 809 231 825 ’
352 821 443 890 Haud
474 831 572 888 minus
600 839 742 911 prompte
771 829 884 888 Lucius
916 828 1009 887 Vetus
1027 825 1199 906 'socrusque
1229 827 1352 906 cinisio

269 936 368 1000 Sextia
390 949 420 998 et
442 935 574 997 Pollutia
598 937 657 998 tilia
676 957 780 996 necem
800 935 936 1009 subiere,
961 934 1048 994 invisi
1069 933 1208 1013 principi,
1223 941 1292 989 tan-
1313 933 1330 992 5

269 1065 361 1126 quam
388 1045 516 1106 vivendo
550 1047 773 1128 exprobrarent
807 1045 995 1104 interfectum
1031 1060 1094 1100 esse
1122 1037 1294 1099 Rubellium

271 1153 415 1214 Plautum
438 1169 581 1233 generum
604 1151 689 1212 Lucii
702 1153 829 1216 Veteris.
871 1150 930 1210 Sed
954 1150 1074 1209 initium
1104 1147 1290 1226 detegendae

271 1241 570 1340 saevistabpraebnit
584 1261 758 1321 interversis
778 1257 900 1340 patroni
921 1253 1069 1318 rebusad
1092 1253 1294 1316 accusandum

270 1361 491 1442 transgrediens
506 1363 693 1426 Fortunatus
711 1365 847 1438 libertus,
866 1365 978 1423 adscito
997 1361 1124 1421 Claudio
1138 1363 1295 1436 Demiano,

270 1489 359 1551 quern
380 1468 421 1528 ob
441 1467 551 1551 flagitia
573 1473 708 1532 vinctum
728 1472 867 1532 aVetere
881 1471 970 1532 Asiae
988 1468 1167 1550 proconsule
1202 1467 1297 1528 exsol-
1319 1495 1355 1534 ro

272 1575 317 1635 vit
335 1574 421 1633 Nero
442 1574 474 1634 in
500 1575 669 1656 praemium
691 1577 896 1638 accusationis.
939 1573 1030 1653 Quod
1044 1607 1046 1611 ·
1061 1575 1113 1634 ubi
1142 1576 1295 1654 cognitum

270 1701 343 1757 reo,
363 1701 454 1761 seque
476 1691 506 1740 et
521 1678 666 1742 libertum
686 1683 752 1762 pari
770 1691 852 1742 sorte
875 1681 1036 1762 componi,
1055 1677 1232 1740 Formianos
1262 1683 1294 1740 in

272 1807 362 1867 agros
383 1785 558 1868 digreditur:
580 1785 645 1846 Illic
663 1807 732 1847 eum
750 1787 859 1850 milites
876 1786 993 1847 occulta
1009 1785 1145 1846 custodia
1167 1784 1297 1846 circum-

272 1894 358 1959 dant.
406 1891 517 1952 Aderat
538 1891 616 1965 filia,
638 1915 728 1974 super
749 1895 891 1976 ingruens
914 1893 1081 1976 periculum
1103 1891 1193 1973 longo
1207 1893 1292 1952 dolo·

272 2021 305 2061 re
326 2009 430 2074 atrox,
458 2021 492 2058 ex
517 2021 578 2080 quo
612 2020 803 2081 percussores
831 1978 934 2062 Plauti
954 2001 1051 2060 mariti
1074 2003 1120 2059 sui
1155 2000 1296 2076 viderat;
1320 2009 1355 2071 15

273 2117 491 2186 cruentamque
522 2110 668 2168 cervicem
703 2109 768 2168 eius
792 2106 926 2187 amplexa
955 2105 1095 2166 servabat
1123 2108 1300 2186 sanguinem

243 2245 246 2254 ,
275 2221 306 2272 et
340 2223 439 2272 vestes
474 2233 624 2292 respersas
652 2213 744 2274 vidua
776 2213 903 2293 implexa
933 2213 1017 2272 luctu
1051 2217 1214 2289 continuo,
1246 2231 1302 2272 nec

274 2315 343 2377 ullis
364 2316 513 2375 alimentis
535 2318 592 2376 nisi
606 2337 684 2397 quaa
705 2327 837 2376 mortem
860 2329 1010 2382 arcerent.
1053 2317 1132 2378 Tum
1157 2317 1303 2379 hortante

274 2431 360 2504 patre
387 2418 543 2500 Neapolim
571 2420 680 2502 pergit.
721 2419 764 2480 Et
791 2421 863 2500 quia
893 2420 976 2480 aditu
1001 2421 1124 2482 Neronis
1152 2418 1302 2503 prohibe·

274 2526 389 2602 batur,
410 2545 543 2607 egressus
562 2524 717 2600 obsidens,
741 2524 861 2585 audiret
887 2526 1035 2588 insontem
1058 2547 1134 2588 neve
1159 2528 1299 2591 consula·
1319 2567 1353 2606 20

273 2641 323 2691 tus
344 2633 391 2690 sui
413 2629 566 2711 quondam
589 2629 734 2710 collegam
756 2629 888 2692 dederet.
902 2625 1033 2704 lihen0,'
1050 2633 1139 2693 modo
1157 2635 1296 2696 muliebri

275 2735 411 2810 eiulatu,
433 2735 596 2818 aliquando
632 2756 736 2798 sexum
767 2757 882 2818 egressa
909 2757 983 2798 voce
1016 2739 1132 2800 infensa
1166 2741 1302 2802 clamita·

275 2847 350 2920 bat,
371 2843 466 2904 donec
496 2844 634 2925 princeps
662 2842 846 2905 immobilem
875 2865 906 2906 se
935 2845 1074 2926 precibus
1104 2857 1134 2907 et
1166 2847 1300 2910 invidiae
1431 2867 1432 2944 p

264 2953 356 3012 ,iuxta
376 2949 516 3010 ostendit.
1318 2949 1321 2953 ’

356 3057 439 3139 Ergo
472 3057 592 3118 nuntiat
623 3057 703 3140 patri
728 3057 860 3119 abiicere
877 3076 970 3139 spem*
988 3069 1020 3120 et
1040 3059 1087 3120 uti
1120 3059 1347 3138 necessitatem

274 3161 371 3225 Simul
390 3162 513 3222 affertur
536 3165 638 3244 parari
661 3162 864 3244 cognitionem
888 3175 1008 3224 senatus
1035 3176 1065 3225 et
1091 3176 1209 3226 trucem
1235 3187 1304 3226 sen-

275 3269 409 3329 tentiam.
452 3265 511 3326 Nec
533 3263 655 3326 defuere
678 3268 730 3348 qui
750 3279 907 3328 mouerent
929 3290 1035 3352 magna
1071 3291 1104 3329 ex
1135 3284 1221 3354 parte
1249 3272 1304 3332 he·

276 3373 380 3434 redem
400 3375 561 3433 Caesarem
581 3386 776 3455 nuncupare,
810 3376 900 3456 o'tque
923 3375 967 3437 ita
988 3375 1146 3459 nepotibus
1166 3379 1213 3439 ·de
1235 3379 1304 3439 reli·

279 3501 340 3562 quo
363 3478 526 3545 consulere.
553 3480 668 3558 'Quod
698 3493 890 3562 aspernatus,
914 3503 951 3544 ne
984 3487 1077 3546 vitam
1101 3485 1238 3568 proxime
1267 3485 1304 3545 li-

281 3584 431 3646 bertatem
462 3595 560 3644 actam
591 3589 752 3648 novissimo
783 3587 906 3649 servitio
931 3589 1082 3666 foedaret,
1118 3589 1249 3674 largitur
1273 3587 1302 3652 in
1321 3603 1357 3664 50

173 3867 178 3880 '
283 3871 287 3922 ζ
368 3858 395 3914 5.
411 3855 540 3919 Palatia,
559 3826 587 3908 ei
603 3871 665 3908 mox
684 3858 782 3912 invisit
797 3859 921 3930 principi
945 3871 1084 3931 nmquam
1100 3857 1234 3916 vincendo
1256 3858 1305 3910 ld·-

352 3965 396 4006 ιι.
416 3950 526 4006 mulieri
541 3949 673 4020 betulam,
687 3952 735 4004 Μι.
783 4023 788 4028 η
