2900 4724
451 320 525 384 tm.
549 319 620 380 ΧΗ.
664 316 752 378 ΟΑΡ.
773 265 924 386 43-”45.Ι
1137 321 1195 384 dil

171 508 254 561 trum
271 501 402 578 ⁴regnum
418 495 551 578 adeptus
567 515 579 556 a
600 496 725 556 Hiberos
745 495 975 570 Pharasmanes,
997 491 1116 558 vetusta
1137 503 1238 578 pos.(a
1257 497 1349 568 Chi)

106 667 112 687 ἒ
172 605 322 680 sessione,
339 591 503 663 Armenios
523 601 616 662 nater
635 603 699 662 eius
721 595 917 661 Mithridates
945 602 1103 662 obtinebat
1131 603 1199 685 opi·

172 711 229 771 bus
250 711 370 774 uostris.
406 708 482 768 Erat
501 707 700 768 Pharasmani
726 707 805 770 lilius
832 710 955 770 nomiae
985 707 1196 787 Radamistus,

173 817 284 878 deeora
303 813 565 895 pronontiata-vi
585 797 722 895 corporis
753 817 897 896 insignis,
921 824 951 876 et
979 817 1092 896 patrias
1121 825 1202 876 artes
1227 841 1230 848 ¹
1317 815 1325 834 '

139 927 159 988 5
178 921 310 997 edoctus,
333 920 473 1001 claraque
492 924 576 982 inter
595 922 710 982 areolas
730 921 821 982 fama.
847 924 875 984 Is
893 922 1045 983 modicum
1062 923 1203 984 Hiberiae
1259 898 1263 916 ι

175 1049 302 1109 regnum
322 1038 442 1090 senecta
464 1026 557 1108 patris
583 1027 713 1088 detineri
735 1027 863 1090 ferocius
891 1029 1089 1112 crebriusque
1112 1033 1205 1090 iacta·

177 1118 248 1209 bat,
270 1155 363 1213 quam
390 1145 424 1192 ut
444 1133 615 1214 cupidinem
648 1133 824 1194 occultaret.
871 1138 967 1218 Igitur
987 1137 1206 1197 Pharasmanes

178 1239 318 1300 iuuenem
338 1240 487 1319 potentiae
508 1250 664 1320 promptae
682 1249 711 1299 et
740 1240 840 1300 studio
862 1240 1057 1324 popularium
1088 1245 1207 1302 accine-

176 1355 241 1406 tum
261 1345 453 1426 vergentibus
474 1346 534 1406 iam
554 1347 640 1406 annis
668 1347 730 1405 auis
754 1342 912 1420 metuens,
944 1347 1035 1407 ali-am
1066 1348 1104 1406 ad
1124 1367 1207 1428 spem

126 1437 161 1534 to
176 1454 369 1534 tralierepet
391 1451 569 1510 Armeniam
590 1450 749 1523 detentere,
773 1450 863 1530 pulsis
885 1443 1007 1527 Parthis
1028 1453 1127 1512 datam
1150 1456 1211 1512 mia

178 1560 306 1622 thridati
327 1581 346 1619 a
366 1527 459 1620 semel
482 1559 688 1620 memorando:
711 1557 763 1620 sad
786 1560 846 1619 uim
867 1557 1082 1636 differendam,
1105 1539 1136 1618 et
1155 1581 1210 1639 po-

179 1667 286 1728 tiorem
308 1666 428 1742 dolum,
453 1687 513 1748 quo
535 1668 689 1753 incautum
724 1667 941 1746 opprimerent.
993 1669 1037 1726 lta
1067 1667 1211 1726 Radami.
1261 1669 1265 1675 '
1303 1725 1309 1741 ¹

178 1784 242 1834 stus
261 1772 401 1833 simulata
424 1772 568 1833 adversus
590 1783 707 1852 patrem
740 1771 907 1848 discordia,
927 1783 1078 1852 ,tanquam
1099 1764 1211 1834 nover—
1241 1775 1243 1780 ’
1286 1755 1294 1762 ’Χ

180 1899 232 1938 eae
253 1877 330 1936 odiis
352 1880 471 1958 impar,
493 1878 594 1959 pergit
616 1877 654 1936 ad
676 1887 816 1958 patruum
830 1899 842 1955 3-
872 1877 1027 1959 multaque
1042 1879 1080 1938 ab
1100 1899 1136 1940 eo
1160 1901 1212 1940 oo·
1305 1875 1307 1883 '

127 1983 163 2044 15
185 1985 288 2044 mitate
309 1983 339 2044 in
358 1986 488 2066 speeiem
502 1983 634 2044 liberum
653 1984 751 2045 cultus
770 1985 916 2066 primores
938 1985 1153 2046 Armeniorum
1170 1985 1214 2050 ad

183 2107 233 2148 res
253 2109 345 2149 novas
375 2089 480 2166 illicit,
508 2081 615 2170 ignara
643 2099 675 2155 et
705 2098 833 2166 ornante
863 2089 990 2170 insuper
1024 2090 1213 2153 Mithridate.
1283 2131 1284 2163 3

94 2263 100 2271 ,
125 2193 446 2276 45Reoouailiationis
470 2197 569 2276 speeie
591 2207 741 2276 assumpta
776 2205 988 2278 regressusque
1015 2197 1054 2256 ad
1082 2209 1212 2280 patrem,
1310 2176 1311 2184 ἵ

181 2323 259 2387 quae
280 2302 389 2362 fraude
412 2302 526 2364 eonfiat
558 2309 738 2382 potuerint,
774 2312 914 2383 prompta
944 2306 1215 2378 nuntiat,.eetera

182 2411 271 2473 armis
294 2405 492 2488 exsequenda.
535 2407 664 2466 Interim
685 2405 906 2467 Pharasmanes
926 2406 998 2468 belli
1021 2429 1125 2470 causas
1147 2431 1215 2470 eon·

128 2535 167 2576 ao
183 2517 285 2596 lingit:
308 2515 466 2596 praelianti
489 2514 546 2574 sibi
568 2515 831 2593 adversuaregem
842 2513 1029 2575 Albanorum
1051 2525 1082 2576 et
1104 2519 1216 2578 Roma·

184 2643 238 2683 nos
258 2619 369 2682 auxilio
394 2623 514 2682 vocanti
536 2620 660 2681 fratrem
675 2615 887 2691 adversatum,
917 2623 1044 2702 eamque
1072 2621 1219 2683 iniuriam

185 2729 301 2790 excidio
321 2728 412 2808 ipsius
442 2725 541 2786 ultum
562 2727 690 2784 iturum.
748 2723 845 2783 Simul
866 2745 989 2809 magnas
1021 2729 1121 2806 copias
1155 2726 1216 2786 filio

187 2814 323 2894 tradidit.
373 2833 429 2894 llle
460 2831 626 2912 irruptione
645 2829 746 2890 subita
762 2831 914 2914 territum
935 2831 1116 2914 exutumque
1134 2855 1216 2896 cam·
1252 2847 1255 2854 “
1312 2873 1319 2882 -

183 2943 232 3022 pis
254 2939 452 3000 Mithridaten
486 2933 633 3018 compulit.
652 2937 684 2996 in
704 2936 860 2998 castellum
884 2941 1029 3018 Gorneas,
1053 2921 1155 3001 tulum
1174 2940 1217 3000 lo·
1267 2983 1273 2986 -

131 3049 171 3116 25
191 3070 280 3109 eoae
299 3045 447 3129 praesidio
477 3043 632 3122 militum,
664 3045 730 3126 quis
762 3043 879 3106 Caelius
911 3044 1010 3106 Pollio
1036 3047 1216 3127 praefectus,

186 3157 321 3218 centurio
343 3138 502 3234 Casperius
516 3163 681 3234 praeerat.
723 3152 808 3214 Nihil
830 3151 893 3212 tam
914 3153 1053 3234 ignarum
1073 3155 1215 3216 barbaris

187 3284 278 3344 quam
298 3262 536 3322 machinamenta
567 3271 597 3320 et
619 3271 700 3319 astus
727 3261 985 3342 oppugnationum
1005 3260 1052 3344 [at
1071 3262 1157 3322 nobis
1181 3282 1215 3322 ea

209 3409 479 3428 ψ

282 3539 301 3578 ι.
311 3520 485 3590 saramania
503 3520 558 3583 ΜΕ,
577 3529 606 3572 et
619 3522 643 3573 3.
664 3512 846 3582 radamistas,
865 3519 964 3572 deinde
983 3519 1165 3578 rodomastus.

263 3617 301 3666 16.
322 3627 417 3666 orante
435 3615 494 3666 Mt:
513 3627 629 3682 ornante
655 3614 770 3680 Lipsius.
814 3615 877 3665 Mor
898 3634 954 3686 qua
977 3615 1080 3684 frauda
1112 3619 1216 3690 confici

190 3710 320 3780 potuerit,
338 3722 458 3777 prompta
479 3711 540 3774 Μᾶς
560 3707 712 3770 emendavit
732 3705 847 3776 liipsius.
885 3780 887 3784 ‚
1021 3774 1023 3778 ι
1138 3719 1139 3726 ’

261 3817 303 3867 ²7·
323 3813 351 3852 at
373 3801 450 3861 nobis
473 3829 503 3842 ι·-
522 3821 613 3872 gnara
632 3801 681 3874 ast]
703 3803 755 3856 Cui
774 3819 874 3872 quaeso
893 3819 996 3866 sorani,
1016 3821 1082 3872 quoa
1102 3804 1217 3865 leotorar
1313 3862 1318 3873 1

124 3938 127 3942 ,
193 3897 302 3949 'l'aritus
323 3898 460 3968 respexit,
479 3899 598 3964 ignarum
627 3899 769 3969 aerquod
796 3899 829 3949 ab
864 3897 1077 3964 interpolatore,
1102 3899 1244 3950 utmihi⁴
1314 3902 1337 3939 ι’

983 4000 1019 4059 21
