2900 4724
428 285 504 352 Lm.
526 287 612 345 Xlll.
646 283 740 344 CAP.
763 285 897 350 or-at.
1114 289 1175 351 371

146 465 198 536 re,
231 465 297 526 dein
327 465 479 526 Rhodano
509 475 538 525 et
560 467 655 524 Arare
686 463 848 524 subvectae
870 483 922 542 per
949 483 1014 522 eam
1042 453 1211 553 fossam,(.
1228 436 1323 543 cea.)

148 593 215 632 mox
236 573 330 634 fluvio
349 571 473 632 Mosella
494 575 525 632 in
548 573 710 642 Rhenum,
748 571 814 630 exin
843 569 1002 630 Oceanum
1033 569 1179 635 decurre·

148 689 234 754 rent,
265 678 448 759 sublatisque
486 679 603 738 itineris
635 675 859 736 difficultatibus
886 676 1067 757 navigabilia
1096 679 1179 742 iuter
1205 663 1207 669 Α

147 807 179 845 se
198 786 372 852 Occidentis
390 784 664 865 Septentrionisque
693 783 799 843 littora
819 783 935 842 fierent·
959 785 1070 844 lnvidit
1091 788 1177 868 operi

114 887 252 954 5Aclius
274 890 404 954 Gracilis
435 891 574 973 Belgicae
595 891 729 972 legatus,
758 890 938 952 deterrendo
960 893 1114 971 Veterem,
1135 915 1175 954 ne

149 997 279 1078 legiones
302 995 419 1058 alienae
451 997 627 1078 provinciae
658 995 787 1056 inferret
809 995 976 1078 'studiaque
1006 990 1174 1060 Galliarum

149 1101 318 1181 affectaret,
341 1103 568 1164 formidolosum
589 1103 619 1162 id
644 1103 821 1186 imperatori
842 1101 1002 1179 dictitans,
1034 1129 1095 1187 quo
1115 1107 1181 1186 ple.

89 1194 278 1290 5lsrumque
303 1208 509 1290 prohibentur
538 1221 663 1270 conatus
693 1210 823 1270 honesti.
873 1210 1016 1270 Ceterum
1038 1217 1180 1280 continuo

150 1317 337 1376 exercituum
357 1318 420 1374 otio
449 1315 530 1376 sama
547 1317 668 1376 incessit
697 1327 833 1396 ereptum
861 1315 907 1374 ius
927 1315 1030 1398 legatis
1050 1321 1180 1382 ducendi

94 1439 135 1476 ιο
153 1427 184 1482 in
206 1424 331 1490 hesum.
373 1425 480 1506 quue
498 1425 588 1484 Frisii
609 1426 797 1484 iuventutem
828 1421 952 1482 saltibus
978 1435 1031 1482 aut
1061 1428 1181 1506 paludi·

149 1533 225 1608 hus,
246 1530 400 1590 imbellem
426 1540 555 1590 aetatem
576 1551 632 1612 per
647 1529 735 1590 ¹lacus
756 1527 921 1590 admovere
951 1531 1055 1610 ripae,
1081 1546 1182 1612 agros-

149 1658 209 1719 que
227 1659 338 1720 vacuos
369 1649 399 1699 et
429 1637 561 1698 militum
586 1638 662 1698 usui«
683 1644 835 1719 sepositos
865 1638 1018 1712 insedere,
1054 1651 1182 1700 auctore

149 1747 273 1814 Verrito
294 1754 326 1805 et
346 1744 509 1827 Malorige,
530 1745 582 1825 qui
601 1746 753 1806 nationem
774 1765 841 1804 eam
863 1745 1018 1824 regebant,
1037 1749 1068 1806 in
1089 1767 1184 1827 quan·

98 1908 101 1918 .
150 1867 218 1914 tum
241 1855 388 1914 Germani
409 1864 587 1934 regnantur.
631 1850 755 1934 lamque
777 1851 903 1912 fixerant
921 1853 1051 1928 domos,
1070 1857 1182 1914 semina

92 1957 133 2018 15
154 1961 235 2020 arvis
255 1959 440 2031 intulerant,
469 1971 563 2039 utque
596 1957 729 2040 patrium
755 1957 853 2018 solum
888 1959 1082 2035 exercebant,
1112 1981 1182 2020 cum

89 2128 92 2134 ,
151 2065 271 2126 Dubius
293 2065 422 2144 Avitus,
445 2076 597 2144 acceptae
630 2057 769 2124 Paullino
802 2065 978 2145 provincia,
1011 2068 1179 2145 minitando

150 2175 212 2232 vim
234 2173 410 2246 Romanam,
434 2169 492 2230 nisi
514 2167 714 2230 abscederent
729 2170 818 2235 Frisii
838 2181 957 2230 veteres
976 2173 1006 2232 in
1027 2173 1108 2234 locos
1129 2187 1182 2234 aut

63 2313 65 2316 ·
150 2297 264 2364 novant
282 2277 383 2354 sedem
405 2297 423 2338 a
444 2279 570 2338 Caesare
589 2280 799 2358 impetrarent,
820 2265 965 2360 perpulit¹
979 2281 1133 2342 Verritum
1153 2293 1182 2341 et

129 2383 328 2467 ‘Malorigem
369 2397 478 2468 preces
510 2387 671 2467 suscipere.
725 2386 919 2470 Profectique
950 2390 1076 2448 Romam
1108 2391 1181 2449 dum

92 2511 133 2552 ao
149 2496 216 2556 aliis
238 2497 481 2556 curisintentum
504 2495 655 2554 Neronem
676 2497 897 2575 opperiuntur,
926 2498 1075 2572 interea,
1103 2519 1182 2578 quae

151 2601 288 2662 barbaris
311 2609 523 2676 ostentantur,
563 2601 714 2660 intravere
743 2599 880 2680 Pompeii
913 2599 1086 2675 theatrum,
1119 2626 1181 2686 quo

151 2709 391 2792 magnitudinem
420 2706 526 2788 populi
547 2706 691 2767 viserent.
746 2706 814 2766 lllic
855 2727 910 2787 per
938 2711 1033 2768 otium
1068 2716 1181 2790 (neque

151 2817 232 2874 enim
253 2813 378 2873 ludicris
399 2814 494 2892 ignari
517 2809 766 2886 oblectabantur]
785 2811 858 2870 dum
874 2833 1045 2872 consessum
1063 2835 1180 2890 caveae,

153 2923 328 2983 discrimina
351 2919 504 2994 ordinum,
526 2918 594 2999 quis
625 2939 739 2999 eques,
767 2919 821 2978 uhi
845 2931 964 2980 senatus
984 2899 1181 3001 percunctan-

92 3020 134 3084 25
153 3041 220 3106 tur,
239 3029 399 3090 advertere
412 3026 557 3108 quosdam
577 3023 662 3086 cultu
677 3036 797 3086 externo
816 3027 846 3086 in
861 3027 981 3088 sedibus
995 3041 1180 3105 senatorum

153 3149 184 3198 et
204 3138 326 3218 quinam
350 3133 448 3193 forent
471 3135 651 3214 rogitantes,
685 3143 847 3213 postquam
867 3136 1045 3194 audiverant
1074 3157 1180 3197 earum

154 3247 288 3326 gentium
309 3240 414 3322 legatis
431 3239 462 3297 id
483 3237 606 3300 honoris
628 3238 747 3318 datum,
771 3261 848 3322 quae
878 3235 996 3303 ‘virtute
1021 3255 1051 3303 et
1077 3245 1181 3302 amici-

153 3352 196 3410 tia
217 3351 351 3410 Romana
371 3346 611 3430 praecellerent,
631 3345 731 3408 nullos
749 3350 920 3410 mortalium
940 3355 1030 3413 armis
1047 3362 1100 3412 aut
1120 3353 1182 3414 fide

155 3469 235 3530 ante
249 3460 415 3518 Germanos
436 3478 500 3517 esse
523 3455 705 3528 exclamant,
739 3455 1014 3538 degrediunturque
1042 3471 1072 3520 et
1103 3455 1191 3520 inter

94 3561 136 3624 30
155 3575 261 3648 patres
277 3564 452 3631 'considunt
494 3563 586 3642 Quod
614 3565 737 3623 comiter
764 3586 780 3622 a
811 3563 976 3626 visentibus
1006 3577 1180 3648 exceptum,

155 3673 242 3756 quasi
264 3671 393 3754 impetus
407 3673 523 3756 antiqui
543 3682 574 3734 et
598 3671 678 3732 bona
698 3671 907 3731 aemulatione.
960 3672 1041 3732 Nero
1065 3676 1183 3736 civitate

158 3811 432 3834 Μ

228 3907 268 3961 ap.
287 3887 396 3962 tegatis]
416 3855 504 3956 laeum
522 3891 578 3968 Mt,
599 3897 626 3940 et
645 3891 686 3942 30.
705 3900 799 3956 partes
817 3903 865 3955 pro
882 3901 983 3956 patres.
