2900 4706
220 259 306 362 [lu
650 264 943 328 ιιιιιιιιιιιιιΙ

98 450 167 520 (ac
180 453 235 524 or)
327 448 424 530 Igitur
444 459 567 532 aooepto
588 461 708 532 patrum
726 451 875 525 consulto,
898 461 1065 534 postquam
1076 461 1199 510 cuneta
1205 469 1269 508 see-
1273 431 1335 512 60

245 556 344 618 lerum
367 577 493 618 suorum
516 578 571 638 pro
592 559 717 637 egregiis
749 557 847 638 accipi
875 557 976 632 videt,
1008 555 1148 615 exturbat
1175 554 1269 612 Octu-

246 666 346 741 viam‚
367 659 499 726 sterilem
520 663 670 726 dictitans.
711 664 790 724 Exin
812 665 972 744 Poppaeae
992 663 1196 741 coniungitur.
1223 661 1270 720 Ea

153 777 161 786 '
244 771 295 832 diu
317 749 435 854 pellex}
457 785 486 834 et
509 771 640 834 adulteri
665 771 795 832 Neronis
815 793 882 830 mox
905 771 1006 830 mariti
1026 779 1154 849 potens,
1175 787 1269 848 quen-

244 883 312 942 dam
336 904 370 942 ex
399 880 545 942 ministris
587 881 732 938 Octaviae
759 878 895 958 impulit
909 875 1048 938 servilem
1072 877 1101 936 ei
1135 857 1308 936 artiorem⁵

242 987 387 1051 obiicere.
428 987 662 1066 Destinaturque
685 1006 755 1052 reus
776 995 975 1066 cognomento
1001 985 1160 1054 Erremus,
1189 983 1268 1040 uati·

243 1115 302 1154 one
322 1093 561 1168 Alexandrinus,
581 1112 693 1153 canere
720 1091 802 1158 tibiis
822 1092 941 1152 doetus.
993 1090 1089 1152 Actae
1108 1089 1150 1154 ob
1179 1089 1209 1148 id
1229 1087 1269 1148 de

191 1259 193 1269 ,
242 1197 358 1271 aucillis
378 1198 583 1279 quaestiones,
605 1209 636 1256 et
655 1198 684 1256 vi
713 1209 940 1258 tormentorum
970 1198 1058 1256 victis
1086 1195 1276 1279 quibusdam

242 1309 276 1362 ut
296 1303 369 1367 sulse
388 1305 577 1381 adnuerent,
598 1304 698 1386 plures
727 1309 885 1386 perstitere
914 1305 1104 1366 sanctitatem
1130 1301 1270 1362 dominae

241 1413 336 1480 tueri;
359 1432 394 1470 ex
413 1411 524 1491 quibus
543 1433 605 1470 una
622 1413 747 1472 instanti
770 1411 919 1493 Tigellino
933 1413 1073 1472 ,metiore
1101 1431 1165 1470 esse
1196 1430 1268 1469 mu.
1293 1421 1335 1464 ιο

241 1516 350 1592 liebrie
370 1520 518 1580 Octaviae
539 1521 695 1599 respondit
714 1543 807 1601 quam
827 1542 859 1580 os
880 1521 954 1584 eius.
996 1521 1141 1578 Moretur
1166 1527 1270 1578 tamen

240 1627 340 1703 primo
365 1626 462 1688 civilis
492 1626 609 1688 discidii
641 1628 756 1707 specie,·
785 1627 973 1709 domumque
1002 1628 1110 1699 Burri,
1142 1627 1268 1706 praedia

240 1725 367 1804 Plauti,
390 1735 521 1797 infausta
544 1735 641 1808 doua,
663 1735 780 1816 accipit.
825 1736 919 1794 Mox
911 1755 941 1794 m
964 1733 1161 1814 Campaniam
1180 1731 1267 1813 pulsa

186 1837 190 1861 '
241 1845 288 1898 est
308 1838 408 1900 addita
427 1841 550 1900 militari
574 1841 719 1900 custodia.
742 1841 818 1902 lude
836 1839 935 1900 crebri
949 1849 1074 1920 questus
1091 1859 1145 1898 neo
1159 1836 1269 1898 occulti

201 2024 210 2034 ι
240 1949 296 2022 per
318 1947 475 2027 vulgum,
483 1949 534 2008 cui
556 1950 656 2009 minor
679 1938 846 2029 sapientie,
867 1970 903 2008 ex
930 1946 1140 2006 mediocritate
1174 1945 1273 2006 lortu
1291 1935 1335 1997 ¹5

167 2057 170 2062 '
242 2055 461 2132 naepnuciora
480 2056 613 2136 pericula
635 2069 714 2118 sunt.
736 2058 791 2116 Hrs
813 2076 986 2135 quanquam
1006 2061 1026 2116 ἰι
1048 2081 1068 2114 ιι
1100 2052 1180 2112 Nero
1200 2073 1273 2134 pse·

243 2159 371 2224 nitentia
390 2160 517 2240 flagitii,
541 2164 706 2240 coniugem}
723 2164 878 2227 revocavit
898 2165 1068 2229 Octaviam.
1109 2161 1187 2222 Exin
1209 2141 1327 2222 lae—ol
1434 2137 1435 2182 i

241 2269 266 2326 ti
286 2262 470 2346 Capitolium
490 2269 653 2344 scandunt,
670 2271 809 2350 deosque
832 2272 953 2330 tandem
974 2281 1170 2334 venerantur.
1195 2266 1274 2328 Effi-

242 2373 304 2454 gies
332 2373 489 2454 Poppaeae
516 2358 689 2455 proruunt,
721 2377 868 2437 Octaviae
898 2380 1042 2461 imagines
1072 2385 1190 2458 gestant
1213 2373 1274 2434 bu·

242 2481 357 2559 rueris,
389 2496 537 2564 spargunt
565 2485 710 2557 floribus,
740 2485 867 2568 foroque
901 2509 936 2548 ao
968 2488 1088 2568 templis
1119 2491 1271 2546 statuunt.
1293 2485 1334 2532 ²⁰

242 2589 309 2652 Itur
340 2601 370 2656 et
401 2594 432 2652 in
456 2595 598 2674 principis
632 2593 737 2656 laudes
757 2621 775 2657 ιι
797 2621 816 2656 ιι
860 2596 1021 2676 repetitum
1055 2593 1277 2654 venerantium.

244 2695 367 2776 lamque
391 2706 421 2758 et
440 2697 582 2777 palatium
604 2702 800 2763 multitudiue
820 2711 849 2760 et
869 2700 1052 2762 clamoribus
1067 2698 1274 2780 complebant·

203 2825 206 2832 ¹
243 2820 313 2883 euru
331 2806 429 2866 emissi
448 2807 579 2866 militum
600 2795 883 2887 globi'verberibus
904 2817 933 2866 et
952 2807 1067 2864 intento
1098 2804 1178 2862 serso
1197 2812 1268 2860 tur.

244 2909 314 2974 bam
336 2913 489 2974 disiecere.
534 2914 710 2995 Musamque
726 2935 804 2995 quae
823 2935 875 2992 per
899 2910 1075 2972 seditionem
1096 2918 1262 2984 verterant,

245 3025 276 3076 et
302 3019 458 3102 Poppaeae
476 3023 571 3080 bonos
594 3023 738 3099 repositus
757 3029 810 3084 est
854 3021 940 3096 Quae
959 3038 1078 3096 semper
1098 3017 1182 3093 odio,
1203 3027 1270 3075 tum
1291 2999 1334 3064 ²5
1434 3027 1435 3068 t

245 3133 276 3188 et
294 3138 500 3216 metuatrox,
522 3150 561 3188 ne
581 3140 633 3188 aut
654 3130 735 3210 uulgi
756 3129 852 3186 aerior
875 3127 919 3186 vis
940 3128 1114 3206 ingrueret,
1135 3134 1189 3188 eut
1209 3124 1271 3183 Ne·
1434 3105 1435 3124 l

245 3252 280 3290 ro
301 3232 497 3294 inclinatione
509 3231 619 3312 ,populi
640 3242 826 3308 mutaretur,
849 3232 1009 3310 provoluta
1030 3230 1154 3312 genibus
1185 3229 1273 3308 eius,

228 3335 307 3401 ἰιοιι
329 3361 363 3400 eo
385 3341 510 3399 loures
533 3361 602 3399 sues
624 3341 682 3420 egi,
705 3349 740 3398 ut
754 3337 797 3424 *de
820 3337 1015 3399 matrimonio
1036 3347 1151 3414 certet,
1177 3355 1276 3416 quau·
1328 3401 1333 3412 Ι

246 3467 335 3526 quam
357 3449 387 3506 id
406 3446 463 3508 sibi
484 3449 544 3506 vita
567 3449 684 3527 potius,
705 3446 758 3506 sed
787 3449 879 3506 vitam
910 3449 1006 3527 ipsum
1040 3447 1072 3503 in
1106 3453 1275 3518 extremum

247 3557 407 3614 adductam
427 3577 444 3612 ιι
455 3553 598 3616 clientelis
611 3565 642 3615 et
653 3554 782 3614 servitiis
791 3533 946 3628 Octaviae,
960 3571 1037 3631 quae
1047 3549 1142 3632 plebis
1154 3549 1209 3610 sibi
1226 3569 1276 3608 no
1295 3526 1338 3588 ὅθ

252 3689 356 3702 §un—-
378 3681 572 3702 π-υὰ-ι--ο-ὀ

336 3799 359 3848 7,
377 3781 579 3835 Alexandrinus
613 3780 734 3846 Lipsius:
769 3771 1097 3828 codicesmtesandrtua.
1138 3771 1201 3827 ttox
1227 3785 1277 3838 ptr

249 3877 337 3941 tybias
355 3875 424 3940 Mt,-
437 3886 461 3927 et
482 3883 505 3930 e.
525 3876 594 3926 vieti
615 3869 775 3939 qmbusdam
794 3875 816 3922 ιι
825 3871 913 3939 Jalsu.
1002 3907 1004 3911 ⁴
