2900 4724
469 275 545 344 ΗΒ.
566 274 638 338 xit.
683 275 776 338 CllP·
798 279 952 347 65-69.Ι
1147 287 1207 353 385

132 443 246 527 ss'lihit
261 453 401 529 llalotus,
419 455 529 516 inserr'c
550 453 653 536 epulas
672 451 869 536 etexplorana
889 464 978 536 gustu
999 456 1111 526 solitus.
1131 461 1356 538 ide-(1054.)

187 583 267 646 oque
289 559 397 624 cuncta
421 583 488 620 mcx
513 573 709 642 pernotuere,
729 569 766 620 ut
785 572 953 642 temporum
974 563 1096 626 illorum
1116 570 1211 652 scrip·

187 681 272 734 tores
291 669 483 753 prodiderint
503 669 634 736 inlusum
656 669 827 730 delectabili
847 669 915 729 cibo
936 669 1105 732 boletorum
1127 678 1214 738 rene·

176 769 282 856 num,
303 799 359 839 nec
383 781 442 838 vim
465 770 669 836 medicaminis
701 779 800 834 statim
820 759 1018 852 intellectam,
1039 763 1213 844 socordiane

148 877 302 951 'sctaudti
322 909 360 948 an
375 885 556 961 vinolentia3
587 885 677 944 simul
704 883 802 944 soluta
825 883 912 945 alvus
936 885 1111 948 subvenisse
1133 891 1213 952 vide·
1289 938 1291 944 .
1332 900 1343 929 ’·

121 989 128 1004 ’
184 994 287 1060 batur.
332 994 429 1076 Igitur
453 993 590 1053 exterrita
613 993 786 1074 Agrippina,
807 994 977 1076 siquando
998 991 1103 1054 ultima
1124 991 1212 1056 time·

189 1102 327 1176 bantur,
355 1113 452 1182 spreta
484 1103 684 1181 praesentium
716 1101 847 1178 invidia,
880 1101 1123 1183 provisamiam
1153 1102 1213 1164 sibi

186 1207 398 1288 Xenophontis
427 1206 533 1268 medici
560 1207 771 1267 conscientiam
798 1207 930 1270 adhibet.
983 1206 1037 1269 llle
1066 1203 1213 1292 tanquam

186 1315 270 1374 nisus
291 1314 455 1372 evomentis
474 1311 654 1390 adiuvaret,
675 1315 801 1392 pinnam
822 1313 927 1392 rapido
955 1333 1073 1375 venenu
1096 1313 1212 1398 illitam
1242 1303 1245 1316 ⁵

130 1439 167 1478 ιο
186 1419 320 1480 faucibus
340 1420 402 1477 eius
424 1416 573 1477 demisisse
593 1417 739 1493 creditur,
763 1416 844 1475 haud
868 1417 989 1496 ignarus
1008 1437 1124 1477 summa
1146 1440 1213 1480 sce·

126 1513 252 1595 68lere
276 1525 370 1604 incipi
393 1521 461 1582 cum
484 1521 636 1604 periculo,
668 1521 768 1603 peragi
790 1541 858 1580 cum
888 1519 1032 1602 praemio.
1073 1521 1213 1586 Vocaba-

184 1637 240 1690 tur
260 1633 380 1692 interim
411 1641 549 1709 senatus,
579 1641 709 1712 votaque
740 1649 796 1711 pro
832 1627 1038 1690 incolumitate
1070 1627 1213 1712 principh

183 1736 323 1797 consules
352 1747 382 1797 et
410 1737 580 1797 sacerdotes
610 1737 845 1819 nuncupabant,
877 1755 948 1794 cum
977 1736 1037 1794 iam
1068 1737 1212 1801 exanimis

185 1841 319 1901 vestibus
337 1853 368 1903 et
399 1841 539 1902 fomentis
571 1842 782 1925 obtegeretur,
814 1841 887 1901 dum
913 1861 961 1900 res
985 1839 1134 1901 firmando
1155 1839 1211 1904 Ne·

128 1946 167 2007 15
185 1951 268 2034 runis
288 1951 415 2032 imperio
434 1962 667 2032 componuntur.
711 1951 773 2010 lam
801 1949 933 2032 primum
959 1947 1142 2032 Agrippina,
1163 1969 1213 2014 ve·
1247 2025 1250 2032 Ι

183 2055 231 2118 lut
259 2056 364 2118 dolore
398 2060 476 2118 victa
509 2069 549 2146 et
579 2055 684 2118 solatia
715 2058 1044 2139 conquirens,tenerc
1073 2056 1213 2140 amplexu

183 2161 415 2238 Britannicum,
447 2187 550 2224 veram
582 2165 699 2244 paterni
729 2165 788 2224 oris
819 2162 949 2247 effigiem
971 2163 1141 2250 appellare,
1175 2185 1211 2228 ac
1298 2247 1300 2250 Ι

181 2273 273 2331 variis
294 2271 409 2334 artibus
431 2272 608 2343 demorari,
631 2289 670 2331 ne
690 2269 837 2356 cubiculo
864 2270 1069 2354 egrederetur.
1111 2270 1213 2334 Anto·

182 2379 266 2440 niam
287 2353 407 2461 qhoque
424 2383 461 2440 ‘et
481 2380 640 2440 Octaviam
661 2399 782 2440 sorores
805 2377 870 2438 eius
890 2380 1030 2457 attinuit,
1058 2389 1089 2439 et
1119 2399 1211 2440 euac-

122 2506 164 2550 20
184 2497 230 2546 tos
268 2485 367 2546 aditus
401 2487 544 2548 custodiis
581 2483 748 2562 clauserat,
781 2487 948 2567 crebroque
972 2485 1130 2569 ,vulgabat
1163 2491 1211 2549 irc
1318 2496 1323 2505 ”

181 2597 212 2655 in
235 2595 344 2655 melias
366 2593 563 2654 valitudinem
592 2593 755 2674 principis,
779 2613 839 2674 quo
873 2592 959 2652 miles
993 2592 1074 2656 bona
1096 2595 1138 2664 ¹in
1158 2617 1212 2678 spe

180 2688 298 2786 ageret,
309 2713 486 2782 tempusque
498 2721 675 2781 prosperum
691 2721 724 2760 ex
736 2699 859 2758 monitis
875 2696 1094 2760 Chaldaeorum
1102 2701 1217 2763 adven:
1242 2761 1246 2772 Χ

125 2819 271 2900 69taret.
295 2809 383 2868 Tunc
397 2807 496 2888 medio
518 2805 578 2866 diei
599 2807 724 2865 tertium
746 2804 906 2866 ante'idus
919 2804 1073 2886 Octobris,
1093 2805 1211 2898 loribus
1299 2875 1304 2886 ,

185 2915 286 2996 palatii
311 2924 434 2994 repente
450 2911 601 2987 diductis,
624 2913 786 2972 comitante
805 2913 927 2990 Burro,
954 2913 1036 2976 Nero
1058 2914 1212 2997 egreditur

86 3006 89 3014 Ι
123 3003 165 3104 2'5
184 3024 223 3086 ad
244 3019 403 3084 cohortem
422 3041 499 3102 quae
519 3041 602 3080 more
633 3019 762 3097 militiae
786 3021 918 3082 excubiis
939 3021 1034 3082 adest.
1081 3021 1127 3082 Ibi
1146 3043 1212 3084 mo·

182 3139 273 3189 nente
302 3125 453 3208 praesecto
484 3127 565 3188 lestis
601 3129 726 3189 vocibus
741 3185 743 3195 ,
761 3139 898 3209 exceptus
929 3127 1045 3188 inditur
1072 3127 1208 3196 lecticae.

180 3235 373 3297 Dubitavisse
410 3234 555 3316 quosdam
582 3235 703 3308 icrunt,
758 3243 959 3316 respectantes
989 3237 1211 3316 rogitantesque

181 3340 234 3414 uiri
255 3342 445 3402 britannicus
475 3351 571 3401 esset:
603 3361 671 3400 mox
707 3339 792 3402 nullo
819 3343 851 3401 in
877 3340 1032 3404 diversum
1060 3336 1209 3418 auctore,

188 3492 415 3515 -δ--υ--υ--ιι-

241 3623 242 3630 ’
267 3622 291 3674 3.
314 3619 473 3693 boletorum]
493 3623 548 3674 leto
567 3623 616 3674 Ma,
682 3643 685 3649 ’

269 3717 294 3782 i.
314 3715 477 3770 socordiane
504 3736 543 3770 an
571 3707 684 3770 Claudii
713 3718 745 3767 vi
771 3733 809 3768 an
837 3716 990 3771 vinolentia
1017 3716 1068 3786 Ma,
1088 3717 1211 3788 *correxit

184 3807 336 3860 Rhenanus.
675 3809 679 3842 5

200 3905 203 3914 “
258 3899 295 3967 ι4.
314 3897 367 3972 rea]
386 3916 430 3954 res
444 3899 536 3970 starent
555 3903 610 3968 Mt,
620 3898 721 3973 stabnt
740 3915 791 3961 orn,
810 3901 862 3978 BG.
