2862 4726
239 313 298 378 rao
528 293 533 306 ‘
616 279 876 398 'auuannu

86 498 112 570 (a
133 499 159 550 C.
171 475 295 566 tidros,
320 493 440 568 inanem
464 483 530 552 mox
554 492 667 574 regiam
686 493 798 554 Aeetae
820 487 992 576 vacuosque
1013 496 1143 557 Colchos
1166 500 1272 578 repeti·

235 604 288 667 vit.
335 599 492 680 Multaque
512 599 551 660 de
578 598 701 660 nomine
725 601 863 674 eius‚,et
885 599 1022 678 oraclum
1052 601 1167 684 Phryxi
1198 602 1272 663 cele-

170 733 173 746 *
234 709 343 784 brant3
376 729 430 766 nec
457 698 615 790 quisquam
645 705 738 764 ariete
767 704 983 764 sacrificaverit
1007 707 1127 766 credito
1165 709 1272 766 vexisse

234 808 413 896 Phryxum,
439 815 504 874 sive
525 812 557 872 id
579 811 692 878 animal
714 834 767 872 seu
791 813 876 873 navis
897 815 1013 895 insigne
1031 813 1100 874 fuit.
1134 813 1272 874 Ceterum

235 924 350 986 directa
373 927 516 1006 utrinque
538 923 624 997 acie,
645 920 780 982 Parthus
809 923 971 1004 imperium
1000 923 1163 1000 Orientis,
1188 922 1305 984 clari-5

234 1012 376 1094 tudinem¹
387 1031 615 1106 Arsacidarum,
639 1039 809 1111 contraque
834 1029 999 1111 ignobilem
1022 1029 1174 1090 Hiberum
1194 1049 1271 1091 mer-¹

234 1144 356 1201 cenario
387 1141 483 1202 milite
510 1139 696 1216 disserebat3
731 1139 953 1200 Pharasmanes
980 1141 1111 1221 integros
1144 1151 1238 1200 semet
1255 1163 1273 1200 a
1321 1129 1327 1144 '

232 1243 380 1310 Parthico
401 1248 579 1322 dominatu,
602 1249 718 1330 quanto
741 1249 858 1306 maiora
882 1259 1045 1328 peterent,
1066 1233 1273 1328 plus‘deeoris

233 1361 364 1419 uictores
378 1368 456 1434 aut,
481 1359 505 1416 si
524 1367 611 1439 terga
636 1355 762 1428 darent,
786 1356 891 1437 flagitii
921 1369 1012 1438 atque
1032 1353 1160 1436 periculi
1196 1354 1273 1414 latu-

234 1483 294 1523 ros.
336 1461 434 1522 Simul
458 1462 620 1524 horridam
643 1484 770 1524 suorum
791 1465 907 1537 aciem,
931 1464 1011 1544 pieta
1027 1485 1101 1523 auro
1119 1463 1277 1522 Medorum
1297 1481 1326 1518 ro

234 1571 372 1651 agmina,
395 1568 467 1628 hine
490 1569 598 1651 viros,
636 1569 705 1630 inde
731 1567 877 1651 praedam
900 1565 1067 1632 osteudere‘.
1110 1559 1326 1638 Enimver035

235 1678 316 1760 apud
339 1679 492 1761 Sarmatas
511 1700 573 1739 non
598 1701 660 1739 una
681 1701 739 1738 vox
762 1677 868 1740 ducis:
899 1699 930 1738 se
952 1679 1081 1760 quisque
1109 1677 1276 1754 stimulant,

216 1807 275 1851 sne
294 1806 425 1866 pugnam
445 1807 501 1866 per
519 1787 793 1866 sagittas-inirent:
817 1787 933 1868 impetu
964 1795 993 1845 et
1023 1787 1163 1846 cominus
1193 1805 1278 1864 prae·

234 1893 430 1958 veniendum.
475 1893 586 1954 Variae
606 1893 677 1952 hinc
698 1891 878 1954 bellantium
901 1895 1030 1974 species,
1056 1915 1125 1953 curn
1148 1893 1289 1971 Parthus

234 2003 320 2082 sequi
341 2001 390 2064 vel
414 2002 521 2083 fugere
542 2002 611 2083 pari
636 2013 700 2060 arte
710 2012 821 2090 suetus
842 2002 1023 2062 distraheret
1044 2007 1178 2080 turmae,
1210 2023 1277 2083 spa·
1299 2004 1330 2066 15

234 2113 312 2170 tium
327 2113 437 2172 iotibus
457 2097 638 2194 quaereret,
664 2111 820 2170 Sarmatae
835 2111 945 2172 omisso
967 2134 1060 2184 arou,
1092 2131 1153 2192 quo
1178 2110 1278 2170 brevi·

236 2241 272 2278 us
293 2217 418 2296 valent,
441 2219 538 2278 contis
561 2216 728 2300 gladiisque
752 2229 893 2295 ruerent3
918 2219 1010 2282 modo
1025 2221 1170 2302 equestris
1191 2240 1279 2300 prae·
1402 2186 1409 2305 l

225 2323 268 2384 tii
302 2298 408 2402 ruore:
429 2324 538 2384 frontis
558 2331 589 2381 et
612 2324 690 2404 tergi
721 2327 823 2406 vices3
853 2325 1038 2406 aliquando,
1069 2339 1104 2387 ut
1139 2337 1279 2388 conserta
1405 2348 1409 2375 ¹

236 2435 333 2509 abies,
357 2431 539 2514 corporibus
561 2442 591 2490 et
613 2419 702 2511 pulsu
724 2453 882 2492 armorum
904 2435 1051 2516 pellerent
1078 2428 1277 2518 pellerentur.

236 2547 361 2626 lamque
383 2554 414 2604 et
434 2540 548 2602 Albani
560 2540 726 2623 Hiberique
746 2564 892 2627 prensare
914 2545 1274 2632 detrudere‚aucipitem
1296 2569 1330 2607 no

190 2703 193 2712 ,
235 2671 371 2731 pugnam
393 2647 530 2708 hostibus
555 2647 669 2726 facere,
699 2671 777 2730 quos
798 2673 888 2732 super
911 2673 1025 2733 eques,
1056 2665 1087 2714 et
1118 2681 1136 2716 a
1155 2663 1277 2740 propio·

236 2760 321 2820 ribus
344 2741 519 2817 vulderibus
540 2757 655 2838 pedites
676 2757 875 2818 afflictabant.
922 2761 1006 2821 Inter
1036 2785 1113 2844 quae
1144 2764 1277 2826 Pharas-

179 2883 180 2886 ’
235 2867 567 2960 manesQrodesque,
598 2867 673 2927 dum
705 2872 837 2929 strenuis
858 2881 961 2931 assunt
982 2881 1035 2930 aut
1065 2869 1276 2933 dubitantibus

235 2975 439 3048 subveniunt,
465 2965 628 3056 ¹conspicui
658 2997 754 3058 eoque
785 2981 893 3058 gnari,
923 2975 1058 3040 clamore
1087 2979 1154 3040 telis
1189 2983 1275 3063 equis

237 3093 446 3157 concurrunt,
470 3084 632 3144 instantius
654 3084 893 3147 Pharasmanes:
915 3109 984 3146 nam
1014 3087 1125 3148 vulnus
1151 3109 1206 3168 per
1224 3109 1278 3170 ga·
1295 3079 1332 3145 25

236 3187 314 3250 leam
330 3187 443 3270 adegit.
487 3191 546 3251 Nec
567 3192 677 3252 iterare
697 3190 814 3268 valuit,
844 3195 996 3274 praelatus
1024 3217 1125 3278 equo,
1156 3205 1187 3256 et
1209 3197 1276 3256 for-

235 3297 359 3359 tissimis
385 3298 547 3360 satellitum
580 3301 811 3384 protegentibus
845 3303 994 3362 saucium.
1046 3304 1155 3377 Fama
1171 3315 1275 3364 tamen

236 3406 326 3466 occisi
343 3405 424 3502 'falso
444 3409 561 3470 eredita
593 3411 740 3471 exterruit
767 3409 916 3486 Parthos,
945 3413 1167 3501 victoriamque
1197 3435 1290 3474 eon--

326 3693 347 3732 ι.
365 3674 475 3748 Aeetae]
497 3689 576 3729 actae
594 3677 635 3732 M.

308 3773 347 3826 13·
368 3773 473 3823 inirent
488 3770 647 3821 Beroaldus:
667 3771 791 3831 sinerent
808 3770 844 3820 M.

233 3870 239 3883 ‘
309 3885 347 3934 ¹7·
367 3866 509 3940 equestris]
530 3869 634 3938 eqm'tes
653 3879 707 3918 tres
726 3867 770 3928 Μ;
790 3865 907 3919 correxit
930 3866 1082 3920 Rhenanus.

192 3947 202 3970 ⁰
308 3965 348 4017 18.
366 3957 504 4032 conserta]
526 3945 653 4030 conserta
671 3961 819 4026 Ernestinr.
