2862 4726
225 323 286 390 216
349 349 354 360 ‘
407 379 408 382 ,
636 324 853 387 ANNALIUM

23 505 24 516 ’
72 515 98 583 (ι
111 512 142 569 C.
152 517 209 583 ιδ.)
228 503 337 568 validis
358 525 420 588 per
439 505 544 568 Asiam
564 507 697 590 regibus.
737 499 835 577 Simul
859 511 987 570 Lucium
1018 509 1134 572 Sullam
1160 519 1269 571 testem

222 611 389 674 afferebant
411 616 588 696 gravissimo
608 617 639 676 iu
670 617 846 678 discrimine
878 621 1026 680 exercitus
1054 619 1095 678 ob
1122 622 1268 698 asperita-

222 727 285 781 tem
298 717 415 800 'hiemis
436 733 466 784 et
486 724 647 804 penuriam
666 727 779 800 vestis,
804 745 875 786 cmn
898 727 930 786 id
954 729 1120 808 Zmyrnam
1141 729 1171 802 in
1193 749 1269 786 con·

223 829 342 891 cionem
366 829 544 890 nuntiatum
576 829 676 907 foret,
699 832 886 912 omnesqui
912 831 1075 894 adstabant
1103 833 1277 902 detraxisse

222 936 344 1034 corpori
367 938 502 1022 tegmina
524 941 702 1022 nostrisque
731 939 901 1022 legionibus
924 941 1047 1005 misisse.
1072 941 1137 1008 ,lta
1158 919 1303 1023 'rogati'
1285 967 1305 1006 u

223 1047 406 1108 seutentiam
419 1057 522 1127 patres
544 1047 734 1129 Zmyrnaeos
753 1047 934 1128 pr··.aetulere
979 1039 1176 1128 Censuitque
1179 1048 1268 1108 Vibi

169 1135 170 1138 Ἴ
221 1175 259 1216 us
284 1155 436 1234 Marsus,
442 1165 475 1214 ut
496 1156 601 1216 Marco
623 1155 762 1238 Lepido,
778 1159 832 1216 cui
851 1180 885 1216 ea
906 1159 1067 1237 provincia
1089 1132 1270 1226 obvenerunt

73 1282 77 1294 ·
160 1321 162 1325 ,
188 1295 190 1304 1
221 1283 314 1344 super
334 1247 497 1322 numerum
517 1261 671 1344 legaretur
691 1265 744 1344 qui
766 1261 872 1343 templi
901 1283 1007 1324 curam
1030 1264 1203 1343 susciperet.
1226 1264 1269 1324 Et

222 1373 294 1454 quia
316 1369 479 1452 Lepidus
471 1390 535 1450 ipse
556 1369 689 1454 deligere
714 1393 772 1452 per
787 1371 967 1440 modestiam
988 1371 1153 1444 abnuebat,
1177 1371 1269 1436 Vale

223 1480 289 1542 rius
313 1477 397 1540 Naso
416 1499 432 1538 e
449 1479 609 1560 praetoriis
633 1491 717 1544 sorte
739 1482 848 1562 spissus
869 1489 922 1539 est.
1292 1495 1324 1533 ιο

282 1586 392 1668 ,Inter
412 1606 491 1668 quae
515 1585 569 1646 diu
593 1588 739 1648 meditato
762 1587 944 1668 prolatoque
973 1591 1091 1668 saepius
1120 1574 1322 1660 consilio,5'l

221 1692 345 1756 tandem
355 1691 484 1754 Caesar'
477 1716 508 1753 ιιι
518 1692 715 1776 Campaniam
739 1715 757 1746 a
770 1697 865 1776 specie
877 1694 1036 1755 dedicandi
1049 1695 1172 1775 templa,
1186 1694 1270 1776 apud

223 1801 361 1884 Capuam
383 1799 468 1876 lovi,
500 1800 584 1882 apud
606 1801 715 1892 Nolam
749 1801 914 1882 Auguste,
946 1799 1000 1860 sed
1033 1811 1133 1860 certus
1161 1801 1269 1898 procul

222 1909 303 1970 urbe
325 1901 442 1990 degere.
486 1909 616 1968 Causam
641 1910 796 1970 abscessus
820 1931 999 1990 quanquam
1018 1921 1146 1974 secutus
1169 1909 1268 1990 pluri·

202 1999 289 2078 *mos
313 2023 475 2078 auctorum
497 2015 535 2076 ad
562 2016 662 2076 Seiani
684 2026 762 2074 artes
784 2015 907 2090 rettuli,
933 2018 1004 2096 quie
1035 2025 1138 2074 tamen
1175 2015 1269 2076 caede
1290 2011 1323 2072 15
1397 2000 1402 2073 i

153 2148 160 2158 ·
214 2123 288 2184 ‘eius
309 2133 429 2215 patrata
452 2145 502 2186 sex
525 2134 632 2206 postea
654 2145 752 2184 annos
776 2124 983 2203 parisecrcto
1009 2124 1183 2200 coniunxit,
1205 2101 1271 2204 ple-

222 2249 354 2312 rumque
377 2253 576 2312 permoveor,
595 2253 669 2294 num
692 2233 731 2290 ad
757 2235 856 2312 ipsum
880 2231 989 2318 referri
1012 2231 1116 2292 verius
1138 2233 1186 2307 sit,
1204 2255 1269 2292 sac-

222 2339 390 2400 vitiamine
410 2337 570 2399 libidinem
589 2361 660 2398 cum
680 2338 766 2399 factis
787 2320 941 2420 promeret
957 2338 1032 2398 locis
1051 2327 1267 2404 decultanteru.

167 2527 168 2532 η
223 2445 322 2514 Erant
341 2445 395 2527 qui
415 2445 576 2506 crederent
597 2448 628 2505 in
650 2456 804 2506 senectute
827 2437 967 2528 corporis
987 2467 1109 2528 quoqne
1131 2447 1269 2506 habiturn

223 2551 335 2636 pudori
353 2552 465 2618 fuisse:
490 2557 601 2636 quippe
620 2554 669 2627 illi
689 2554 886 2637 praegracilis
915 2565 945 2614 et
974 2557 1101 2615 incurva
1131 2555 1268 2635 proceri·
1288 2567 1323 2606 2⁰

215 2674 291 2742 tas,
312 2639 545 2744 nuduscapillo
575 2672 695 2735 vertex,
730 2642 869 2724 ulcerosa
901 2661 993 2722 facies
1020 2681 1056 2718 ao
1087 2659 1271 2740 plerumque

222 2773 477 2862 medicaminibus
505 2752 703 2836 interstincta.
745 2771 787 2832 Et
808 2771 921 2848 Rhodi·
940 2781 1057 2832 secreto
1084 2771 1182 2832 vitare'
1200 2789 1276 2829 coen

224 2891 294 2956 tus,
316 2877 481 2944 recondere
504 2877 704 2958 voluptates
696 2890 846 2946 insuerat.
889 2877 1037 2938 Traditur
1053 2877 1142 2936 enam
1166 2875 1271 2937 matris

225 2990 402 3068 impotentia
423 2995 587 3061 extrusum,
611 3007 702 3066 quam
720 2985 935 3078 dorninationis
954 2989 1068 3046 sociam
1091 2973 1271 3078 aspernaba-

225 3107 292 3176 tur,
315 3115 413 3176 neque
434 3091 586 3174 depellere
600 3103 728 3175 poterat,
744 3115 815 3156 cum
839 3094 1103 3155 dominationem
1096 3113 1193 3174 ipsam
1215 3091 1270 3151 do·
1286 3077 1322 3142 25

226 3225 303 3266 uum
327 3200 391 3265 eius
415 3204 588 3284 accepisset.
633 3203 709 3262 Nam
744 3201 937 3262 dubitaverat
963 3205 1119 3284 Augustus
1142 3202 1269 3260 Ger-ma

228 3315 350 3388 nicam,
381 3309 498 3372 sororis
525 3322 664 3392 nepotem
687 3322 716 3369 et
737 3312 854 3372 cunctis
872 3310 1050 3386 laudatum,
1080 3310 1126 3368 rei
1157 3309 1270 3371 Roma·

232 3441 293 3484 nae
313 3422 486 3502 imponere:
513 3419 565 3480 sed
588 3411 731 3500 precibus
761 3421 865 3478 uxoris
891 3400 1006 3490 evictus
1035 3417 1162 3476 Tiberio
1193 3419 1270 3480 Ger·

228 3529 395 3604 manicam,
419 3528 477 3589 sihi
487 3527 646 3589 Tiberium
667 3525 807 3588 adscivit.
831 3525 927 3607 ldque
947 3528 1080 3605 Augusta
1102 3524 1269 3605 exprobra·

228 3625 282 3696 bat
302 3635 495 3717 reposcebat.
520 3631 673 3696 Profectio
695 3644 762 3694 arto
785 3633 929 3698 comitatu
951 3631 1019 3692 fuit:
1042 3649 1121 3692 unus
1143 3627 1320 3720 senator58
1406 3641 1407 3668 l

315 3815 338 3866 7·
358 3801 481 3874 Marsua}
501 3769 615 3855 Mdrcus
632 3801 672 3855 Μ.

305 3911 344 3947 ss.
362 3892 403 3967 in]
423 3899 457 3950 iit
474 3899 545 3954 coni,
562 3896 679 3966 Lipsius.

300 3991 585 4048 reomaensibus
603 3992 788 4044 occultantem
807 3987 963 4048 Rhenanus.
