2900 4706
280 295 341 363 tn
551 353 562 384 Α,
687 293 956 362 anninun
1048 355 1049 358 γ

27 433 30 584 ἰ
134 477 159 547 (³
176 475 392 548 ⁰·⁶²·)enuttt.
437 483 478 543 Et
502 481 561 560 pila
583 481 712 542 militnm
736 502 862 560 arsere,
891 481 986 563 magis
1017 481 1124 564 insigni
1146 479 1304 562 prodigio,
1433 441 1434 532 l

269 594 342 673 quin
354 591 484 654 Parthus
506 591 598 652 hostis
617 589 780 650 missilibus
799 589 868 650 telis
887 589 1030 650 decertat.
1062 589 1208 648 Ceterum
1228 570 1334 649 Pae-8

224 704 229 708 ’
268 711 317 760 tus
337 702 443 781 spretis
464 699 635 774 ominibus,
657 699 788 760 necdum
829 699 899 760 satis
923 681 1050 758 firmatis
1082 693 1303 773 hibernaculis,

270 805 356 866 nullo
376 805 419 864 rei
441 805 652 866 frumentariae
676 807 813 886 provisu,
833 809 921 887 rapit,
935 809 1099 866 exercitum
1121 817 1207 866 trans
1220 826 1305 865 mon·

243 949 245 954 ·
271 929 331 975 tem
367 915 503 974 Taurum
543 915 765 994 reciperandis,
803 925 839 974 ut
869 915 1010 989 ferebat,
1054 909 1343 997 Tigr·anoee1tis,5

268 1023 480 1104 vastandisque
501 1025 685 1105 regionibus,
713 1045 788 1104 quas
819 1023 953 1084 Corbulo
987 1022 1115 1104 integras
1147 1024 1305 1086 omisisset.

265 1129 306 1192 Et
327 1141 413 1211 capta
433 1130 582 1212 quaedam
604 1133 744 1206 castella,
768 1130 941 1213 gloriaeque
972 1142 1002 1192 et
1032 1131 1167 1211 praedae
1190 1133 1304 1191 nonni·

121 1311 126 1318 ¹
201 1317 203 1321 Ι
260 1239 305 1300 hil
326 1251 466 1322 partum,
491 1245 516 1304 si
539 1255 592 1316 aut
613 1243 740 1324 gloriam
760 1265 830 1306 cum
853 1243 946 1304 modo
967 1253 1019 1304 aut
1049 1240 1196 1322 praedam
1228 1260 1300 1300 cum

262 1368 334 1408 cura
354 1349 519 1414 habuisset.
568 1351 757 1434 Longinquis
787 1351 948 1412 itineribus
980 1347 1189 1432 percursando
1222 1367 1302 1428 quae

263 1453 392 1517 obtineri
412 1457 603 1538 nequibant,
637 1470 780 1538 corrupto
802 1459 854 1540 qui
881 1468 988 1538 captus
1010 1467 1074 1517 erat
1104 1463 1297 1530 commeatu,
1325 1463 1356 1504 ¹0
1433 1451 1434 1542 l

262 1563 292 1624 ct
316 1564 445 1625 instante
466 1567 525 1625 iam
555 1565 674 1642 hieme,
704 1537 833 1626 reduxit⁴
857 1565 1039 1640 exercitum,
1067 1537 1300 1643 composuitque

203 1708 204 1717 κ
262 1669 303 1729 ad
318 1667 478 1731 Caesarem
506 1671 623 1732 litteras
652 1674 737 1754 quasi
759 1669 897 1732 confecto
919 1669 1024 1748 bello,
1055 1667 1155 1729 verbis
1182 1669 1300 1750 magni·

261 1777 341 1852 licia,
362 1800 464 1840 rerum
486 1801 607 1847 vacuas.
651 1779 779 1840 Interim
798 1753 932 1840 Corbulo
954 1797 1111 1858 nunquam
1132 1774 1327 1856 neglectam9
1433 1799 1434 1802 ¹

259 1883 428 1969 Euphratis
449 1890 548 1970 ripam
565 1889 771 1950 crebrioribus
783 1887 941 1970 praesidiis
953 1886 1064 1947 insedit
1076 1907 1085 1962 3
1111 1892 1142 1944 et
1160 1904 1200 1944 ne
1213 1885 1296 1965 ponti

260 1994 425 2058 iniiciendo
455 1994 705 2075 impedimentum
733 1993 867 2056 hostiles'
883 2005 1005 2054 turmae
1039 1991 1190 2053 afferrent
1226 1993 1299 2066 (iam
1316 1975 1352 2039 ¹5

260 2103 340 2162 enim
360 2100 500 2161 subiectis
523 2104 634 2182 campis
657 2123 764 2181 magna
786 2104 884 2182 specie
896 2099 1105 2180 volitabant),
1128 2119 1221 2166 nares
1239 2121 1300 2161 ma·
1433 2081 1434 2084 Ἴ

258 2204 416 2291 gnitudiue
440 2218 626 2288 praestantes
642 2220 836 2270 et‘connexas
856 2209 996 2270 trabibus
1016 2229 1052 2268 ac
1070 2206 1206 2266 turribus
1223 2229 1298 2268 auc·

260 2319 306 2376 tas
332 2321 392 2398 agit
419 2338 473 2398 per
504 2335 641 2388 amnem,
676 2315 895 2398 catapultisque
926 2327 956 2376 et
987 2315 1102 2378 balistis
1135 2314 1298 2394 proturbat

259 2421 418 2496 barbaros3
442 2423 472 2480 in
493 2403 569 2502 qitos
592 2442 660 2481 saxa
681 2433 710 2482 et
722 2422 824 2482 hastae
846 2423 962 2503 longius
974 2421 1183 2503 permeabant,
1204 2443 1297 2503 quam

257 2538 294 2590 nt
317 2533 470 2590 contrario
488 2513 667 2612 sagittarum
687 2532 767 2591 iactu
799 2531 1055 2614 adaequarentur.
1111 2529 1193 2592 Dein
1216 2523 1295 2611 pons
1315 2535 1353 2576 ²⁰

257 2637 472 2711 continuatus,
493 2635 643 2717 collesque
671 2637 789 2700 adversi
818 2661 872 2719 per
903 2641 1000 2699 socias
1031 2638 1196 2708 cobortes,
1230 2650 1296 2719 post

257 2739 409 2824 legionum
429 2743 533 2802 castris
546 2753 768 2824 ‘occupantun
787 2753 874 2804 tanta
893 2743 1048 2804 celeritate
1069 2754 1099 2803 et
1120 2746 1292 2806 ostentatio·
1314 2778 1316 2787 v

257 2870 296 2910 ne
316 2849 440 2916 virium,
457 2857 491 2906 ut
512 2847 620 2908 Parthi
636 2837 746 2910 omisso
766 2861 872 2931 paratu
890 2849 1078 2911 invadendae
1092 2852 1198 2914 Suriae
1209 2875 1293 2934 spem

257 2977 378 3016 omnem
400 2958 431 3013 in
452 2955 630 3014 Armeniam
650 2963 815 3016 verterent.
856 2954 921 3015 Ubi
934 2956 1044 3017 Paetus
1062 2953 1349 3033 -immineutinmlo

257 3065 374 3121 nescius
395 3061 533 3142 quintam
558 3059 707 3140 legionem
728 3059 838 3141 procul
860 3061 890 3120 in
911 3062 1012 3124 Ponto
1032 3063 1189 3136 habehat,
1214 3064 1289 3127 reli.
1309 3059 1349 3122 25

256 3189 331 3248 quas
351 3166 534 3246 promiscuis
557 3165 687 3226 militum
706 3167 923 3230 commeatibus
943 3169 1170 3243 infirmaverat,
1193 3173 1292 3234 donec

256 3275 421 3349 adventare
440 3271 747 3354 Vologesenmagno
783 3285 813 3334 et
842 3273 961 3335 infenso
989 3276 1110 3360 agmine
1139 3279 1291 3346 auditum.

257 3378 385 3438 Accitur
409 3381 487 3462 legio
510 3379 710 3454 duodecima,
731 3391 762 3440 et
777 3379 863 3442 unde
892 3383 1004 3446 famam
1031 3389 1112 3447 aucti
1139 3388 1291 3448 exercitus

256 3495 437 3560 speraverat,
463 3485 583 3564 prodita
600 3487 822 3568 infrequentia3
843 3511 905 3570 qua
925 3502 1026 3552 tamen
1046 3495 1170 3555 retineri
1187 3505 1289 3554 castra

257 3595 287 3644 et
305 3585 386 3646 eludi
406 3591 537 3650 Parthus
558 3603 655 3652 tractu
673 3592 745 3654 belli
768 3603 907 3676 poterat,
935 3598 960 3658 si
982 3599 1147 3661 Paeto-aut
1174 3603 1206 3662 in
1227 3601 1289 3662 suis
1305 3599 1343 3662 3⁰
1433 3663 1434 3676 ,

256 3725 545 3770 ···-—-‚-
745 3685 747 3689 ,

328 3852 367 3897 ¹7·
386 3853 492 3890 conexa
512 3839 571 3902 Mt,
590 3849 617 3892 et
638 3861 675 3912 ¹9·
694 3847 724 3898 in
744 3864 798 3915 quo
819 3865 888 3902 saxo
908 3875 939 3892 ·-
957 3855 1161 3922 permanebant.

324 3933 363 3983 28.
381 3929 457 3998 sama
477 3933 527 3986 Μ’.
