2862 4730
213 256 268 372 'os
638 298 856 364 truamur

226 482 384 554 impeditur.
440 481 562 538 llonorcs
589 483 669 536 multi
694 483 858 556 Germanico
881 490 989 535 mortuo
1019 483 1119 534 Romae
1153 482 1267 541 decreti.

227 579 389 632 Sanctioncs
406 585 501 630 contra
519 579 682 630 muliebrem
702 569 912 647 impudicitiam.
949 577 1033 646 virgo
1045 577 1164 633 Vestalis
1178 587 1267 652 capta.

226 677 366 730 Arminius
385 677 414 726 in
432 673 578 726 Germania
596 673 660 726 dolo
679 689 783 726 caesus.

298 781 373 832 llaec
389 789 463 847 gesta
476 781 555 831 anuis
574 785 723 848 quattuor,
749 777 815 830 Tito
841 777 953 832 Statilio
979 776 1098 828 Sisenna
1128 776 1220 828 Tauro
1238 783 1268 828 el

226 877 312 928 Lucio
334 875 479 928 Scribonio
499 875 620 937 Libone,
649 874 720 926 Gaio
748 871 842 924 Caelio
869 871 938 924 liufo
964 879 994 923 et
1013 871 1098 922 Lucio
1117 872 1267 940 Pomponio

224 971 340 1036 Flacco,
368 971 484 1023 Tiberio
510 973 628 1046 Caesare
646 969 769 1038 Augusto
789 945 901 1028 tertium
920 973 949 1018 et
968 966 1132 1021 Germanico
1152 969 1268 1022 Caesare

224 1067 395 1132 seeundum,
421 1068 514 1132 Marco
540 1067 622 1120 lunio
644 1065 739 1118 Silano
762 1070 792 1116 et
809 1061 883 1114 Gaio*
900 1061 1030 1120 Norbano
1049 1065 1148 1120 Flacco
1169 1079 1267 1116 consu-

223 1163 308 1224 libus,

595 1308 897 1324 W-

69 1566 107 1637 (⁸·
118 1583 143 1616 1¹·
154 1539 364 1640 769·)Stsenna
385 1565 504 1629 Statilio
524 1567 633 1630 Tauro
653 1567 752 1630 Lucio
774 1565 893 1630 Libone
909 1566 1086 1630 consulibus
1102 1577 1186 1629 mota
1199 1569 1269 1632 Ori·

75 1677 311 1753 (nemetensis
327 1698 422 1760 regna
442 1677 682 1760 provinciaeque
703 1677 880 1756 Romanae,
913 1665 1001 1739 initio
1034 1677 1116 1760 apud
1134 1675 1269 1739 Parthos

225 1799 317 1868 orte,
349 1787 403 1870 qui
435 1789 567 1868 petitum
600 1785 699 1848 Roma
730 1796 946 1868 acceptumque
967 1805 1095 1868 regem,
1129 1785 1269 1870 quamvis

226 1895 326 1976 gentis
347 1893 585 1967 Arsacidarum,
619 1903 654 1952 ut
675 1903 834 1954 externum
856 1893 1111 1975 aspernabantur.
1163 1897 1189 1954 Is
1209 1892 1271 1954 suit

147 2071 152 2078 ,
224 2005 398 2075 Vonones,
422 2001 509 2064 obses
531 1999 672 2082 Augusto
692 1997 781 2062 datus
802 1999 979 2066 aPhraate.
1021 2001 1100 2061 Nam
1115 1991 1307 2063 Phraates5

225 2131 403 2197 quanquam
423 2106 594 2194 'depulisset
615 2108 765 2170 exercitus
789 2107 944 2193 ducesque
969 2107 1141 2188 Romanos,
1163 2122 1274 2172 cuncta

225 2217 439 2282 venerantium
459 2213 561 2276 officia
582 2214 620 2274 ad
642 2216 814 2297 Augustum
827 2227 982 2294 verterat,
1004 2227 1184 2300 partemque
1197 2239 1271 2300 pro·

174 2303 179 2310 Ι
227 2327 266 2388 lis
286 2323 458 2386 firmandae
479 2321 632 2384 amicitiae
652 2300 798 2402 miserat,
823 2323 905 2384 haud
928 2319 1055 2406 perinde
1077 2327 1176 2387 nostri
1189 2337 1272 2388 metu

226 2456 319 2520 quam
342 2433 411 2494 fidet
433 2431 625 2516 popularium
647 2432 774 2494 diffisus.
816 2433 893 2496 Post
913 2434 1004 2508 finem
1017 2435 1160 2497 Phraatis
1177 2446 1208 2498 et
1219 2460 1266 2498 se·
1281 2429 1308 2510 2

227 2545 387 2626 quentium
409 2563 516 2624 regum
537 2541 577 2602 ob
596 2541 731 2603 internas
747 2541 857 2602 caedes
878 2564 991 2604 venere
1015 2543 1045 2604 in
1081 2543 1194 2604 urbem
1223 2543 1268 2605 le·
1284 2565 1326 2606 ro*

226 2653 287 2733 gali
311 2675 328 2711 a
349 2649 534 2733 primoribus
555 2650 702 2722 Parthis,
726 2652 780 2732 qui
801 2651 963 2712 Vononem
985 2651 1222 2712 vetustissimum
1234 2651 1274 2720 li,-

226 2761 371 2822 berorum
394 2760 459 2820 eius
483 2757 628 2834 accirent.
682 2758 879 2839 Magnificum
910 2758 939 2817 id
962 2758 1020 2818 sibi
1043 2759 1174 2820 credidit
1194 2761 1273 2822 Cae-

227 2889 302 2944 sar,
335 2871 478 2950 auxitque
499 2867 617 2949 opibus.
660 2864 702 2924 Et
726 2887 868 2947 accepere
888 2867 1017 2928 barbari
1039 2867 1208 2948 laetantes,
1238 2881 1276 2932 ut

227 2978 322 3038 ferme
342 2976 383 3036 ad
405 2997 484 3036 nova
507 2975 643 3056 imperia.
688 2975 758 3032 Mox
779 2973 874 3034 subiit
895 2976 1016 3057 pudor,
1041 2977 1273 3060 degeneravisse

227 3083 383 3159 Parthos,
407 3083 536 3165 petitum
557 3080 618 3140 alio
639 3101 672 3138 es
696 3081 772 3141 orbe
789 3102 914 3163 regem,
932 3084 1071 3166 ¹bostium
1091 3086 1211 3146 artibus
1224 3087 1272 3146 iu·
1286 3090 1321 3154 15

230 3192 347 3254 fectum
363 3213 372 3269 3
393 3194 453 3251 iam
475 3193 556 3250 inter
576 3190 748 3270 provincias
762 3189 914 3250 Romanas
927 3191 1037 3252 solium
1053 3191 1272 3255 Arsacidarum

229 3305 339 3366 haberi
362 3301 498 3382 darique.
540 3291 600 3357 Ubi
624 3295 707 3356 illam
728 3295 859 3378 gloriam
880 3297 1101 3358 trucidantium
1120 3300 1273 3382 Crassum,

138 3407 143 3416 ⁴
234 3413 459 3474 exturbantium
482 3409 670 3478 Antonium,
704 3405 728 3464 si
752 3405 937 3486 mancipium
960 3407 1129 3486 Caesaris,
1150 3420 1197 3471 lot
1217 3432 1273 3494 per

232 3542 329 3582 annos
351 3521 529 3582 servitutem
549 3533 753 3596 perpessum,
791 3512 912 3574 Parthis
939 3516 1112 3598 imperitet?
1154 3519 1274 3580 Accen-

321 3765 347 3820 5.
367 3760 493 3833 probate.
515 3776 578 3810 raam
593 3755 725 3828 probatos
743 3757 781 3810 M.

307 3857 348 3912 13.
367 3853 493 3919 accipere
512 3851 559 3903 bl:
580 3865 709 3921 occepere
729 3852 885 3904 Beroaldus.

310 3949 352 4015 al.
367 3945 440 3999 subit
457 3945 556 4015 vulgo,
577 3946 661 4001 subiit
680 3964 714 4000 ex
733 3945 828 4002 codice
851 3949 976 4019 reposuit
994 3947 1141 4005 Bellcrus.
1204 3938 1208 3953 ’
