2826 4730
353 397 357 411 „
446 309 524 373 LlB.
550 305 606 373 lll.
647 305 870 379 caro-11.
1075 309 1175 385 ,1³1
1293 378 1295 386 Α

149 491 388 577 praescriptaei
409 515 426 558 a
449 490 592 574 Tiberio,
623 515 694 556 oum
715 491 879 555 incallidus
897 491 1012 576 alioqui
1035 501 1065 554 et
1085 489 1256 562 facilium.
1272 493 1330 564 im)

145 577 269 664 iuventa
292 599 436 664 senilibus
454 604 519 664 tum
538 601 654 664 artibus
678 610 828 663 uteretur.

50 705 52 722 '
92 700 115 780 9
229 709 301 770 Piso
323 708 495 772 Delmatico
514 709 593 770 mari
614 708 756 768 tramisso
777 705 951 788 relictisque
970 703 1052 786 opud
1077 701 1183 765 Anco·

146 839 216 879 nam
241 818 394 889 navibus,
416 835 470 896 per
491 815 640 875 Picenum
660 834 695 872 ec
716 834 786 874 mox
803 811 983 874 Flaminiam
1007 813 1087 872 viam
1107 828 1185 870 asse·

91 935 108 997 5
144 928 249 1010 quitur
268 923 437 1004 legionem,
459 941 538 1003 quae
560 941 577 980 e
597 919 759 1000 Pannonia
776 919 813 998 in,
829 917 958 994 urbem,
980 915 1049 1012 dein
1070 913 1185 998 praesi-

53 1061 55 1067 ·
147 1035 198 1097 dio
221 1033 340 1095 Africae
370 1027 559 1090 ducebatur:
591 1047 687 1108 eaque
708 1047 757 1086 res
786 1023 900 1107 agitata
927 1020 1126 1097 rumoribus,
1148 1030 1185 1082 ut

147 1145 179 1204 in
200 1139 321 1223 agmine
352 1143 442 1216 atque
469 1133 577 1196 itinere
594 1123 714 1216 'crebro
740 1153 773 1194 se
794 1131 941 1192 militibus
961 1133 1185 1193 ostentavisset.

148 1248 200 1312 Ab
210 1247 329 1308 Narnia
345 1241 486 1330 vitandae
509 1242 700 1332 suspicionis,
722 1263 760 1302 au
780 1243 852 1324 quin
876 1240 991 1322 pavidis
1011 1239 1136 1303 consilia
1150 1241 1185 1300 in

146 1355 264 1414 incerto
285 1361 356 1412 sunt
364 1395 374 1428 ‚
397 1349 479 1410 Nare
508 1371 544 1409 ao
569 1369 638 1410 mox
660 1349 767 1409 Tiberi
794 1349 956 1426 devectus,
990 1351 1072 1409 auxit
1099 1346 1187 1432 vulgi

93 1471 128 1520 to
149 1463 234 1536 iras,
255 1459 326 1540 quia
348 1478 457 1534 navem
478 1455 598 1516 tumulo
619 1457 781 1523 Caesarum
808 1456 990 1538 appulerat3
1019 1456 1129 1538 dieque
1156 1467 1188 1518 et

144 1574 211 1652 ripa
234 1567 405 1650 frequenti,
429 1585 539 1647 magno
560 1564 718 1626 clientium
744 1567 865 1648 agmine
888 1567 975 1656 ipse,
1004 1561 1188 1626 seminarum

50 1749 54 1756 ἱ
146 1675 298 1738 comitatu
321 1672 485 1750 Plancina,
509 1683 539 1734 et
559 1672 645 1732 vultu
671 1672 784 1733 alacres
807 1671 965 1737 incessere.
1007 1673 1081 1733 Fuit
1103 1674 1189 1736 inter

145 1784 343 1844 irritamenta
365 1779 498 1840 invidiae
521 1779 627 1840 domus
656 1779 725 1839 foro
746 1781 923 1856 imminens,
946 1777 1021 1839 festa
1052 1791 1187 1859 ornatu,

145 1891 385 1969 conviviumque
408 1898 438 1946 et
458 1888 587 1968 epulae,
609 1897 639 1947 et
656 1885 831 1948 celebritate
851 1887 909 1950 loci
929 1872 1006 1948 nibil
1023 1885 1190 1956 occultum.

91 1994 278 2074 lOPostera
297 1993 347 2055 die
367 1993 526 2054 Fulcinius
547 1993 625 2055 Trio
648 1995 789 2056 Pisonem
818 1976 1060 2077 apud¹conrules
1083 2003 1190 2077 posto·

145 2106 238 2166 lavit.
283 2103 399 2164 Contra
420 2100 562 2163 Vitellius
582 2124 618 2164 ac
631 2103 783 2166 Veranius
803 2104 955 2185 ceterique
971 2105 1190 2166 Germanicum

146 2211 286 2274 comitati
305 2207 471 2272 tendebant
495 2211 595 2272 nullas
614 2233 677 2272 esse
692 2220 795 2294 partes
812 2211 942 2291 Trioni3
967 2231 1065 2292 neque
1086 2231 1120 2272 se
1143 2231 1190 2272 ec·
1253 2260 1257 2270 „

117 2296 119 2308 Ι
146 2327 327 2394 cusatores,
352 2317 403 2380 sed
425 2341 528 2380 rerum
548 2319 663 2380 indices
692 2329 723 2380 ct
747 2327 838 2380 testes
856 2318 1000 2379 mandata
1028 2319 1191 2382 Germani·

126 2419 179 2488 'ci
202 2427 382 2512 perlaturos.
424 2429 480 2490 Ille
503 2429 625 2490 dimissa
646 2428 710 2488 eius
731 2443 840 2486 causae
872 2423 1023 2496 delatione
1047 2438 1082 2487 ut
1102 2429 1189 2510 prio·

88 2562 129 2606 ρο
149 2557 218 2598 rem
243 2539 336 2598 vitam
358 2545 513 2596 accusaret
532 2534 667 2596 obtinuit
675 2577 694 2610 ‚,
711 2535 901 2614 petitumque
924 2541 968 2592 est
999 2555 1017 2592 a
1039 2536 1187 2618 principe,

86 2663 88 2670 ’
148 2640 357 2728 cognitionem
379 2646 542 2726 exciperet.
586 2641 679 2721 Quod
701 2664 741 2704 ne
759 2664 827 2704 reus
863 2643 985 2724 quidem
1013 2641 1186 2722 abnuebat,

145 2752 252 2814 studia
274 2751 378 2834 populi
398 2763 427 2814 et
447 2763 569 2834 patrum
588 2760 757 2838 ¹metuensz
789 2761 895 2834 contra
922 2750 1081 2810 Tiberium
1105 2772 1190 2832 sper-

151 2859 264 2921 uenalis
286 2859 464 2920 rumoribus
482 2858 618 2919 validum
640 2867 672 2919 et
691 2859 891 2920 conscientiae
921 2857 1024 2918 matris
1046 2859 1190 2921 innexum

86 2943 89 2948 .
154 2989 245 3046 esse3
271 2987 405 3048 vereque
426 2969 529 3026 autin
552 2965 682 3025 deterius
702 2965 818 3026 credita
839 2965 940 3026 iudice
961 2967 1000 3026 ab
1030 2987 1093 3026 uno
1117 2967 1190 3027 soci-

93 3081 132 3144 25
153 3075 215 3136 lius
248 3075 398 3135 discerni:
430 3064 536 3134 odium
564 3082 595 3132 et
636 3071 784 3133 invidiam
816 3073 896 3156 apud
936 3064 1047 3134 multos
1078 3077 1189 3144 valere.
1258 3098 1263 3110 ¹

99 3181 100 3184 ’
155 3181 246 3240 Hautl
279 3179 404 3242 fallebat
435 3181 594 3240 Tiberium
624 3181 717 3247 moles
744 3185 947 3266 cognitionis,
978 3205 1099 3266 quaque
1127 3185 1191 3264 ipse

151 3287 235 3348 sama
257 3289 488 3352 distraheretur.
526 3290 622 3370 Igitur
637 3292 741 3370 paucis
763 3290 955 3351 familiarium
975 3291 1118 3352 adhibitis
1134 3294 1192 3352 mi-

154 3417 211 3454 nas
232 3397 437 3456 accusantium
460 3403 491 3454 et
510 3394 582 3454 hinc
598 3417 718 3478 'preces
748 3397 850 3472 audit,
883 3389 1091 3481 integramque
1117 3421 1192 3462 ceu·

96 3497 222 3578 usam
244 3501 439 3562 adsultatum
462 3505 597 3566 remittit.
648 3505 751 3588 Atque
774 3505 898 3566 interim
923 3508 1042 3566 Drusus
1070 3507 1192 3568 rediens

156 3606 301 3690 Illyrico,
324 3631 499 3692 quanquam
514 3601 516 3606 ’
530 3622 632 3691 patres
655 3613 842 3676 censuissent
875 3613 916 3674 ob
938 3627 1093 3698 receptum
1126 3621 1192 3681 tla-

241 3863 270 3894 ἰ.
290 3841 326 3914 et]
347 3856 373 3895 et
392 3843 436 3907 M3
454 3846 572 3896 correxit
592 3843 709 3914 Lipsius.

204 3993 206 4004 Α
235 3953 273 4003 ¹9·
293 3937 345 3987 illa
364 3935 404 3986 M:
423 3933 471 3986 itte
488 3935 643 3988 Beroaldus.
