2900 4706
40 255 46 262 ’
253 296 315 364 aa
563 310 566 318 ι
657 283 873 373 arcanea

21 553 22 558 ἵ
109 497 166 570 (ω
186 493 313 570 mque
333 479 441 540 celebri
463 481 611 557 convivio,
635 479 705 538 dum
728 477 809 558 apud
824 477 979 536 Ostorium
996 471 1154 552 Scapulam
1174 463 1277 549 epula·

250 603 313 655 tur.
354 587 429 646 Exin
448 605 465 642 a
489 584 668 662 Cossutiano
690 583 862 663 Capitone,
885 583 936 660 qui
970 599 1063 658 nuper
1090 572 1275 635 senatorium

250 697 386 758 ordinem
408 695 546 774 precibus
567 691 708 774 Tigellini
733 693 827 750 soceri
850 692 894 748 sui
924 668 1092 767 receperat,
1116 681 1277 742 maiestatis

230 802 366 864 delatus
385 812 438 860 est.
481 802 560 859 Trrrn
582 800 710 878 primum
734 809 871 862 revocata
887 815 921 854 ea
942 793 1012 884 lsu3
1033 789 1277 866 credebaturque

252 909 332 972 haurd
356 909 480 988 perinde
499 909 620 968 exitium
634 907 762 966 Antistio
775 927 865 987 quam
884 903 1057 983 imperatori
1072 899 1167 980 gloria
1186 916 1274 976 quae·
1292 897 1313 958 5

252 1019 295 1092 ri,
326 1025 360 1074 ut
387 1010 643 1072 'condemnatusa
671 1021 775 1071 senatu
798 1009 1010 1070 intercessione
1022 1003 1184 1065 tribunicia
1196 1021 1281 1059 mor-

253 1124 275 1184 ti
302 1123 492 1181 eximeretur.
532 1122 657 1179 Etcum
680 1120 817 1179 Ostorius
840 1117 914 1177 nibil
935 1111 1086 1175 audivisse
1107 1131 1161 1190 pro
1193 1110 1280 1167 testi·

255 1228 356 1288 monio
377 1222 516 1302 dixisset,
539 1221 671 1285 adversis
691 1224 815 1283 testibus
835 1221 1006 1297 creditum3
1029 1220 1204 1297 censuitque
1226 1216 1278 1273 lu-

253 1334 322 1395 nius
337 1330 483 1391 Marullus
505 1331 610 1392 consul
634 1331 803 1412 designatus
826 1328 1017 1388 adimendam
1034 1308 1279 1406 reo'praeturam

253 1440 483 1518 necandumque
503 1459 586 1498 more
606 1441 765 1498 maiorum.
809 1436 925 1496 Ceteris
950 1433 1021 1494 inde
1039 1431 1279 1506 assentientibus,
1302 1445 1341 1486 to

253 1545 362 1608 Paetus
379 1544 538 1619 Thrasea,
556 1546 650 1604 multo
673 1567 743 1605 cum
764 1543 881 1604 honore
906 1543 1038 1603 Caesaris
1067 1553 1097 1601 et
1129 1541 1278 1599 acerrime

254 1654 406 1732 increpito
429 1651 570 1724 Antistio,
593 1674 657 1712 non
679 1651 824 1733 quicquid
846 1671 957 1710 nocens
979 1669 1047 1708 reus
1068 1648 1128 1728 pati
1151 1666 1282 1705 merere·

254 1770 325 1835 tur,
346 1757 379 1818 id
399 1759 520 1839 egregio
540 1756 597 1816 sub
616 1758 753 1838 principe
773 1767 805 1817 et
826 1755 908 1816 nulla
930 1756 1104 1816 necessitate
1137 1753 1283 1814 obstricto

186 1840 191 1854 ι
255 1865 374 1927 senatui
395 1867 584 1926 statuendum
606 1865 759 1932 disseruit.
801 1865 977 1925 Carnificem
1007 1875 1038 1924 et
1058 1864 1199 1943 laqueum
1219 1852 1288 1942 pri-¹

256 1974 325 2034 dem
350 1971 478 2049 abolita3
499 1981 530 2032 et
548 1994 611 2032 esse
632 1995 743 2054 poenas
763 1972 879 2054 legibus
901 1973 1096 2046 constitutas,
1115 1969 1227 2050 quibus
1240 1970 1280 2027 si·
1306 1969 1339 2030 15

258 2101 296 2142 ne
319 2079 594 2162 iudicumseeritia
613 2089 642 2137 et
664 2089 836 2159 temporum
862 2078 983 2138 inlamia
1006 2076 1151 2158 supplicia
1175 2075 1285 2150 decer-

259 2195 412 2246 necentur.
455 2183 537 2258 Quin
559 2183 587 2240 iu
620 2183 736 2253 insule,
760 2182 918 2263 publicatis
948 2183 1051 2256 bonis,
1084 2203 1144 2264 quo
1165 2181 1285 2260 longius

259 2301 373 2352 sontem
393 2289 485 2346 vitam
504 2287 664 2361 traxisset,
681 2307 717 2344 en
738 2289 880 2366 privatim
913 2274 1096 2348 miseriorem
1117 2298 1147 2350 et
1183 2285 1285 2370 publi-

259 2417 311 2457 cae
342 2395 517 2454 clementiae
551 2395 711 2452 marimum
749 2394 917 2478 exemplum
948 2397 1098 2456 futurum.
1145 2395 1338 2479 Libertasl49

260 2504 409 2564 Thraseae
430 2502 581 2562 servitium
603 2492 730 2560 aliorum
751 2501 851 2581 rupit,
886 2515 915 2564 et
943 2493 1104 2586 postauam
1127 2503 1281 2562 discessio·
1303 2495 1342 2561 ao
1429 2575 1430 2580 ἵ

262 2629 331 2684 nem
356 2607 460 2680 consul
493 2607 683 2689 permiserat,
709 2609 835 2688 pedihus
855 2611 886 2668 in
906 2611 1085 2670 sententiam
1118 2608 1182 2668 eius
1203 2611 1282 2682 iere,
1429 2593 1430 2608 ἵ

261 2716 361 2796 paucis
381 2715 544 2796 exemptis3
566 2714 595 2773 in
610 2697 729 2796 ‘quibus
758 2714 930 2776 adulatione
958 2717 1192 2796 promptissimus
1229 2714 1297 2782 tuit,

263 2819 357 2882 Aulus
398 2819 562 2898 Vitellius,
594 2823 741 2902 optimum
768 2841 916 2901 quemque
948 2821 1046 2900 iurgio
1081 2819 1224 2880 lacessens
1255 2829 1286 2878 et

263 2915 456 3008 respondenti
474 2928 632 3003 reticens,
648 2915 681 2986 ut
699 2925 806 3007 pavida
827 2927 941 3006 ingenia
961 2896 1068 2990 solent.
1110 2927 1149 2986 At
1176 2943 1284 2985 consu-

264 3032 307 3092 les
327 3031 632 3112 perlicere'decretum
653 3043 772 3100 senams
792 3051 852 3092 non
871 3030 945 3105 ausi,
960 3030 998 3091 de
1020 3049 1166 3090 consensu
1191 3029 1281 3107 scrip·
1300 3035 1338 3098 25

264 3159 328 3200 sere
348 3137 479 3217 Caesari.
522 3137 575 3197 llle
599 3139 679 3198 inter
702 3138 846 3220 pudorem
867 3148 896 3198 et
914 3138 989 3196 iram
1009 3148 1181 3207 cunctatus,
1206 3145 1285 3217 post·

265 3265 349 3306 remo
366 3245 518 3324 rescripsit
540 3243 621 3320 nulla
642 3244 751 3304 iniuria
772 3253 973 3324 provocatum
988 3244 1152 3305 Antistium
1172 3244 1285 3324 gravis-

273 3353 543 3370 -ae—ss-—fl-

353 3426 377 3476 3.
393 3423 523 3492 tigelleru‘
540 3422 596 3483 Μι,
615 3425 661 3491 qui
681 3422 751 3474 infra
770 3429 924 3476 constanter
945 3420 1103 3493 Tigillinus.

353 3519 377 3585 4.
398 3517 503 3569 codices
527 3517 688 3571 credebatur
715 3535 799 3589 quae:
832 3517 1045 3589 credebaturque
1077 3515 1230 3582 Acidaliae,
1263 3512 1283 3562 Ι.

267 3614 419 3669 Gronovius
438 3615 538 3684 quaeri
556 3614 611 3664 uti:
630 3613 734 3663 codices
752 3614 898 3682 quaesivit.
933 3613 996 3662 Mox
1017 3615 1143 3665 eximeret
1162 3610 1213 3663 lla.

339 3727 376 3777 ⁸7.
395 3711 464 3780 quin
485 3710 515 3760 iu
532 3709 649 3760 insulam
668 3707 701 3770 G,
721 3709 819 3781 quiin
839 3708 938 3758 insula.
959 3688 1000 3760 lit

342 3809 378 3859 rt.
397 3805 562 3856 miseriorem
586 3803 702 3869 Lipsius:
721 3803 825 3853 codices
844 3799 976 3853 miserior,

338 3914 378 3952 aa.
397 3901 512 3968 caeptis,
533 3898 561 3969 li.
580 3914 602 3948 e.
621 3900 726 3968 criptis
745 3901 800 3952 sive
817 3895 958 3965 exemptis,
978 3895 1025 3946 Μι.
