2862 4726
216 283 284 367 roe
642 293 861 358 usnemun

65 485 93 551 (ιι
120 482 329 552 c³5·)brnvit.'
369 469 409 546 Et
430 486 507 546 Gaio
533 484 652 544 Caesari
677 483 756 544 sorte
779 493 847 544 orto
865 502 1002 542 sermone
1031 482 1159 542 Lucium
1182 483 1254 542 Sul-

214 593 274 654 lam
301 593 457 665 irridenti‚
478 596 581 654 omnia
602 591 705 653 Sullae
727 595 817 652 vitiae
844 601 875 653 et
897 590 1012 652 nullam
1033 590 1168 652 eiusdem
1190 593 1252 652 vir·

208 683 309 761 tutem
329 699 506 763 habiturum
535 701 691 783 praedixit.
733 700 831 760 Simul
849 691 976 760 'crebris
1015 719 1084 759 curn
1119 699 1250 761 lacrimis

209 811 357 870 minorem
379 829 413 867 ex
432 807 593 890 nepotibus
617 807 815 888 complexus,
838 806 917 865 truci
937 804 1059 866 alterius
1081 806 1167 866 vultu
1183 828 1253 885 „oc-

209 919 290 980 cides
311 920 393 978 hunc
414 916 465 977 tu'’
486 919 600 999 iuquit,
622 927 678 990 „et
700 927 730 976 te
748 915 854 976 alius.’'
896 915 958 976 Sed
980 927 1176 996 gravescente
1198 911 1287 977 va·5
1310 900 1312 908 ,

208 1023 338 1087 litudine
357 1025 432 1086 nihil
453 1047 470 1086 e
492 1024 669 1086 libidinibus
688 1025 850 1084 omittebat
870 1028 903 1084 in
926 1025 1071 1104 patientia
1091 1024 1252 1086 firmitudiss

209 1157 280 1195 nem
302 1131 465 1208 simulans,
489 1130 658 1212 solitusque
693 1131 817 1194 eludere
839 1133 1029 1194 medicorum
1058 1143 1139 1192 artes
1161 1144 1253 1214 atque

210 1261 282 1315 eos,
303 1243 356 1322 qui
389 1252 457 1322 post
483 1241 673 1302 tricesimum
695 1244 799 1302 aetatis
822 1263 938 1302 annum
960 1243 999 1302 ad
1020 1243 1253 1304 internoscenda
1344 1265 1348 1271 ·

210 1351 331 1433 corpori
357 1371 411 1410 suo
433 1349 521 1410 utilia
542 1349 592 1410 vel
615 1352 708 1412 noxia·
728 1353 818 1412 alieni
841 1352 957 1412 consilii
980 1352 1159 1434 indigerent.

294 1459 419 1520 Interim
441 1460 555 1520 Romae
580 1459 691 1520 suturis
711 1464 803 1521 etiam
830 1472 898 1542 post
917 1461 1077 1521 Tiberium
1107 1446 1309 1528 caedibuslrl

210 1566 326 1628 semina
348 1565 548 1632 iaciebantur.
590 1565 710 1626 Laelius
741 1565 853 1626 Balbus
886 1569 1045 1644 Acutiam,
1070 1567 1176 1628 Publii
1196 1567 1253 1628 vi·

209 1671 285 1732 tellii
307 1670 461 1753 quondam
484 1691 626 1749 uxorem,
647 1673 811 1732 maiestatis
833 1673 1036 1753 postulaverat
1050 1700 1147 1776 ,xqua
1167 1675 1253 1735 dam·

211 1789 396 1852 nata,·oum
419 1782 589 1860 praemium
612 1782 780 1842 accusatori
803 1779 1029 1860 decerneretur,
1050 1785 1155 1845 lunius
1169 1784 1254 1844 Otho

210 1889 355 1950 tribunus
376 1888 474 1972 plebei
492 1889 672 1952 intercessit.
713 1888 807 1950 Unde
836 1886 898 1950 illis
927 1891 1014 1968 odia,
1042 1914 1109 1952 mox
1139 1891 1254 1952 Othoni

169 2039 174 2050 ι
212 1997 361 2059 exsilium.
405 1999 486 2058 Dein
507 1998 673 2080 multorum
697 1997 850 2057 amoribus
870 1999 1175 2075 famosa³Albucilla‚
1202 2001 1256 2060 oui·
1278 2001 1312 2062 15

212 2096 443 2167 matrimonium
464 2127 534 2165 cum
558 2106 660 2164 Satrio
681 2105 823 2165 Secundo
845 2105 1065 2178 coniurationis
1089 2103 1191 2168 indice
1211 2109 1254 2168 fu

212 2221 305 2290 erat,
328 2211 464 2272 defertur
484 2213 647 2294 impietatis
669 2213 700 2270 in
717 2212 912 2315 principem,
935 2215 1198 2277 connectebantur
1221 2203 1278 2278 utx
1342 2201 1344 2208 Ι

212 2322 325 2382 conscii
345 2333 376 2382 et
395 2319 527 2381 adulteri
547 2324 612 2380 eins
635 2322 758 2380 Gnaeus
782 2321 954 2400 Domitius,
980 2321 1093 2382 Vibius
1116 2326 1255 2405 Marsus,

213 2429 327 2489 Lucius
347 2431 520 2489 Arruntius.
562 2429 613 2486 De'
629 2426 811 2489 claritudine
834 2428 959 2490 Domitii
989 2451 1081 2510 supra
1112 2454 1256 2494 memora·

214 2541 265 2598 vi:
289 2539 406 2598 Marsus
436 2557 558 2618 quoque
586 2539 713 2596 vetustis
744 2537 912 2598 honoribus
941 2549 970 2597 et
1002 2538 1127 2599 illustris
1148 2541 1254 2602 studiis
1276 2560 1312 2598 ao

214 2657 288 2709 erat.
331 2645 391 2706 Sed
411 2647 539 2706 testium
559 2645 799 2727 interrogationi,
821 2650 985 2708 tormentis
1005 2669 1163 2708 servorum
1189 2651 1257 2710 Ma.-

157 2777 164 2804 ἰ
214 2775 338 2815 cronem
359 2754 547 2836 praesedisse
565 2755 776 2816 commentarii
800 2755 840 2816 ad
858 2763 996 2816 senatum
1011 2756 1092 2814 missi
1106 2753 1255 2832 ferebant,

214 2861 376 2943 nullaeque
404 2866 435 2922 in
465 2885 515 2924 eos
544 2865 735 2946 imperatoris
769 2863 889 2925 litterae
917 2866 1117 2946 suspicionem
1141 2864 1255 2924 dabant

214 2970 348 3032 invalido
376 2993 412 3032 ac
446 2973 574 3035 sortasse
607 2975 714 3057 ignaro
744 2976 812 3035 ficta
833 2974 977 3054 pleraque
1008 2973 1048 3032 ob
1086 2973 1255 3032 inimicitias

214 3080 372 3141 Macronis
395 3089 481 3140 notas
504 3085 534 3141 in
558 3085 755 3142 Arruntium.
802 3082 901 3163 lgitur
922 3083 1076 3142 Domitius
1105 3065 1308 3146 defensio-48

166 3205 168 3214 ·
214 3207 284 3248 uem
315 3187 483 3261 meditans,
516 3191 657 3268 Marsus,
687 3203 833 3272 tanquam
869 3192 1002 3251 inediam
1027 3192 1254 3265 destinavisset,

214 3295 386 3380 produxere
400 3268 510 3356 'vitam
556 3300 726 3357 Arruntius
747 3300 970 3359 reluctationem
1000 3309 1031 3358 et
1062 3310 1165 3357 moras
1188 3319 1256 3366 suu·¹

215 3403 357 3466 dentibus
392 3405 516 3482 amicis,
552 3425 612 3464 non
644 3404 747 3464 eadem
777 3406 919 3465 omnibus
947 3405 1058 3464 decore
1089 3403 1253 3484 respondit.

216 3513 281 3574 Sibi
304 3515 374 3572 satis
400 3513 524 3584 aetatis,
554 3521 652 3592 neque
676 3509 758 3572 alind
786 3509 1022 3592 paenitendum,
1054 3533 1147 3592 quam
1172 3511 1254 3594 quod

213 3705 483 3718 *nunno——
490 3707 509 3718 n

290 3885 328 3922 rr.
349 3865 471 3938 Laelius]
492 3815 663 3922 ιἱαειιίιεῙΜ.
682 3866 753 3916 idem
776 3871 815 3922 13.
834 3866 913 3921 urtlro
933 3875 960 3920 et
980 3871 1022 3936 ri.
1038 3868 1143 3924 arlroni.

287 3978 326 4012 aa.
347 3959 526 4032 procudisse}
545 3959 693 4031 praesidiis
712 3979 740 4013 se
761 3962 796 4013 M.
