2862 4726
366 219 374 240 “
486 257 565 324 nra.
588 226 642 323 u.
687 255 926 322 carm-ra.
1181 257 1241 319 cor
1355 245 1363 294 ¹

198 444 391 510 clementiam
414 463 449 503 eo
475 443 663 524 pervicacius
698 438 876 522 amplexus,
908 439 1062 522 Aquiliam
1096 435 1241 498 adulterii
1253 428 1281 496 (ι
1299 427 1393 499 C·²5·l

198 553 331 613 delatam
351 571 421 612 cum
450 549 545 612 Vario
575 551 712 630 Ligure,
741 567 918 630 quanquam
947 544 1097 608 Lentulus
1114 549 1243 606 'Gaetu-

197 661 277 723 licus
301 660 408 724 cousul
428 661 600 744 designatus
621 659 689 742 lege
709 657 787 721 Iulia
803 657 991 729 damnasset,
1024 649 1131 716 e'xsilio
1151 655 1242 734 puni·

196 773 262 846 vit,
287 769 493 852 Apidiumque
514 767 687 846 Merulam,
711 765 793 850 quod
812 767 844 827 in
866 775 932 826 acta
946 764 1009 824 divi
1034 762 1167 844 Augusti
1180 781 1242 822 non

161 875 181 935 5
198 880 375 953 iuraverat,
396 874 467 938 albo
487 877 640 938 senatorio
663 875 769 935 erasit.
1176 867 1178 874 ’

137 970 196 1052 43
280 981 416 1044 Auditae
437 982 548 1043 debinc
570 981 882 1054 Lacedaemoniorum
904 987 936 1039 et
955 973 1177 1038 Messeniorum
1198 974 1245 1036 le·
1301 988 1303 992 ·

197 1091 337 1174 gatioues
357 1091 424 1151 de
416 1111 485 1152 rure
513 1089 621 1173 templi
649 1091 767 1149 Dianae
796 1085 997 1165 Limnatidis,
1030 1084 1113 1167 quod
1145 1087 1244 1148 suisa

200 1200 367 1260 maioribus
389 1219 505 1282 suaque
525 1201 558 1260 in
589 1209 674 1259 terra
708 1197 842 1258 dicatum
876 1193 1109 1254 Lacedaemonii
1140 1188 1243 1256 frma
1320 1225 1329 1246 ν

197 1311 275 1372 bant
295 1307 454 1370 annalium
474 1309 620 1368 memoria
642 1316 809 1387 vatumque
829 1283 1036 1381 carminibus,
1062 1303 1115 1364 sed
1138 1307 1243 1364 Mace·

139 1428 180 1468 ¹⁰
199 1418 287 1480 donis
327 1417 485 1500 Philippi,
507 1437 576 1477 cum
598 1437 660 1498 quo
678 1413 859 1488 bellassent,
880 1413 977 1472 armis
996 1412 1190 1494 ademptum,
1208 1435 1243 1474 ac

199 1537 267 1606 post
293 1526 353 1587 Gai
380 1525 516 1585 Caesaris
550 1534 580 1584 et
613 1522 709 1584 Marci
738 1520 862 1582 Antonii
893 1521 1044 1580 sententia
1074 1519 1241 1582 redditum.

198 1635 313 1694 Contra
329 1632 473 1695 Messenii
488 1642 624 1692 veterem
638 1631 719 1690 inter
734 1631 874 1691 Herculis
896 1639 1034 1711 posteros
1062 1627 1243 1688 divisionem
1321 1612 1324 1623 ¹

107 1743 113 1758 ¹
197 1739 400 1822 Peloponnesi
422 1735 599 1820 protulere,
625 1757 741 1818 suoque
772 1735 838 1820 regi
860 1735 1086 1796 Denthaliatem
1112 1757 1241 1818 agrum,

198 1853 230 1909 in
250 1869 314 1929 quo
334 1847 365 1908 id
387 1845 561 1922 delubrum,
581 1846 714 1923 cessisse;
736 1844 984 1925 monimentaque
1006 1844 1126 1905 eiusrei
1141 1845 1243 1929 sculp-

97 1973 101 1978 '
133 1957 177 2020 15
198 1968 231 2018 ta
262 1955 340 2016 saxia
370 1965 400 2015 et
421 1974 491 2014 nere
509 1953 609 2035 prisco
628 1971 763 2014 manere.
808 1951 925 2029 Quodsi
948 1963 1065 2032 vatum,
1086 1953 1243 2016 annalium

199 2066 237 2126 ad
252 2063 426 2126 testimonia
447 2074 617 2140 vocentur,
639 2061 740 2144 plures
773 2063 888 2146 sibiae
917 2059 1129 2144 locupletiores
1164 2083 1239 2123 esse.

197 2175 302 2256 Neque
321 2172 498 2256 Philippum
530 2175 664 2254 potentia
695 2171 749 2232 sed
777 2193 812 2237 ex
849 2181 924 2235 tero
953 2173 1102 2234 statuisse.
1157 2171 1243 2234 Idem

197 2284 276 2364 regis
300 2281 468 2364 Antigoni,
497 2281 577 2342 idem
598 2281 796 2363 imperatoris
823 2281 965 2340 Mummii
992 2281 1150 2350 iudicium.
1193 2283 1242 2344 Sic

199 2390 333 2452 Milesios
352 2390 498 2472 permisso
507 2389 627 2471 publice
648 2389 787 2463 arbitrio,
807 2401 964 2472 postremo
981 2388 1120 2452 Atidium
1137 2394 1242 2452 Gemi·

128 2521 177 2561 ac
198 2479 273 2560 num
296 2510 466 2582 praetorem
488 2499 623 2560 Achaiae
639 2499 815 2560 decrevisse.
859 2500 905 2560 lta
935 2499 1102 2560 secundum
1128 2501 1243 2560 Messe-

198 2609 265 2669 nios
285 2608 402 2670 datum.
446 2607 488 2668 Et
507 2607 664 2690 Segestani
685 2606 792 2668 aedem
813 2606 960 2684 Veneris,
993 2619 1130 2668 montem
1160 2609 1242 2690 apud

196 2719 353 2800 Erycum,
378 2723 527 2777 vetustate
558 2711 705 2792 dilapsam
734 2713 899 2773 restaurari
927 2711 1120 2794 postulavere
1131 2759 1141 2789 ,
1171 2723 1241 2773 nota

197 2837 399 2887 memorantes
421 2824 460 2885 de
476 2823 591 2905 origine
612 2823 675 2883 eius
693 2834 723 2883 et
745 2821 824 2884 laeta
848 2822 985 2886 Tiberio.
1029 2822 1167 2901 Suscepit
1188 2841 1242 2879 cu-

197 2954 263 2994 ram
284 2933 383 2995 libens
396 2941 440 2994 'ut
460 2931 716 3016 cunsanguineus.
759 2935 846 2994 Tunc
878 2942 1028 2994 tractatae
1043 2927 1240 2992 Massiliensi-

131 3049 178 3112 25
198 3063 252 3101 um
274 3039 402 3125 preces,
425 3043 649 3124 probatumque
669 3039 773 3102 Publii
796 3038 903 3116 Rutilii
926 3039 1106 3122 exemplum.
1151 3039 1240 3100 Nam·

198 3171 259 3232 que
281 3171 351 3210 eum
375 3149 492 3232 legibus
514 3147 636 3229 pulsum
659 3149 757 3208 civem
779 3147 836 3207 sibi
860 3147 1020 3228 Smyrnaei
1048 3145 1239 3210 addiderant.

197 3253 272 3331 Quo
288 3255 355 3316 lure
375 3252 538 3316 Vulcatius
558 3253 701 3315 Moschus
721 3251 804 3314 exsul
828 3254 858 3314 in
882 3253 1082 3316 Massilienses
1102 3265 1241 3339 receptus

192 3361 278 3434 ,bona
299 3385 353 3424 sua
376 3365 418 3424 rei
444 3364 583 3445 publicae
604 3373 765 3424 eorum¹ut
787 3365 902 3445 patriae
917 3363 1091 3447 reliquerat.

198 3483 459 3500 bun*

288 3559 310 3610 7.
330 3539 508 3596 timinarictis
525 3540 570 3605 M3
587 3541 705 3593 correxit
722 3523 843 3607 Lipsius.

270 3636 308 3691 13
328 3635 453 3690 recident
470 3637 600 3692 helionem
618 3637 654 3690 M
677 3637 729 3690 hoc
748 3644 789 3690 est
805 3635 887 3688 REGI
905 3635 1196 3698 nathflaLmTaM
1277 3703 1279 3708 ι
1374 3692 1380 3704 ,

273 3749 310 3798 ¹9·
331 3733 460 3799 publicae
481 3732 518 3785 M.
640 3737 648 3749 “

269 3843 310 3879 aa.
329 3827 465 3897 dilapsam
480 3827 636 3880 Ernestius:
655 3826 795 3897 delapsum
814 3827 851 3878 M.
872 3843 934 3878 mcx
954 3825 1066 3880 nurittit
1081 3828 1117 3910 M

271 3931 311 3980 28.
330 3925 414 4004 bonas
432 3925 513 3978 varic
530 3926 658 3994 publicae
678 3928 711 3978 M
717 3943 722 3986 ;
744 3925 862 3975 correxit
879 3923 1037 3980 Beroaldus,
