2900 4706
263 321 324 386 439
456 363 463 372 ·
673 317 892 380 missumst
966 319 975 332 '

114 515 143 583 (ι
166 498 379 590 c,63,)quippe
398 495 545 572 Rousam,
572 495 767 579 latorumque
796 517 911 558 novum
938 495 1060 556 &soi
1083 493 1197 573 dean,
1229 515 1292 556 uon

265 587 411 664 adversis
426 603 609 664 Parthorum
626 605 718 666 rebus
739 605 904 685 supplicem
918 601 1095 664 Arsaddso.
1117 602 1199 662 Tum
1222 601 1291 682 pla·

265 716 329 774 cuit
350 711 511 772 Tiridaten
533 733 650 791 ponere
674 712 757 792 apud
776 711 903 794 οὗοσίαιι
932 713 1066 772 Caesaris
1093 709 1209 790 insigne
1237 727 1291 766 re·

266 821 372 902 giam,
395 841 452 878 nec
472 820 530 880 nisi
557 842 648 882 manu
676 822 807 882 Neronis
834 838 1005 894 minem
1042 827 1075 878 et
1101 817 1291 898 colloquium

264 930 370 992 mulo
389 931 516 990 finitum.
538 931 617 990 Dein
632 931 733 1011 muisis
743 930 849 990 dicbus
867 927 1043 998 interiectis,
1067 945 1175 1006 magna
1196 917 1327 982 atriu-b

263 1059 324 1120 que
341 1042 452 1119 specie,
470 1039 540 1099 inde
559 1061 650 1120 eques
669 1038 852 1120 compositus
871 1059 926 1117 per
942 1048 1058 1094 turmas
1077 1043 1110 1094 et
1126 1029 1293 1112 insignibus

264 1147 391 1226 patriis,
412 1146 483 1208 binc
503 1150 623 1228 agmina
642 1147 793 1228 legionum
822 1157 933 1206 stetere
964 1141 1147 1224 fulgentibus
1182 1137 1293 1218 aquilis

262 1254 415 1334 signisque
434 1265 466 1314 et
484 1253 653 1315 simulacris
682 1253 774 1314 derrm
797 1258 828 1314 in
862 1253 986 1314 modum
1016 1248 1135 1332 templi.
1189 1245 1296 1307 Medio

264 1359 402 1420 tribunal
425 1360 529 1422 sedem
545 1361 685 1422 curulem
706 1374 737 1422 et
755 1361 840 1423 sedes
859 1360 987 1442 effigiem
1011 1360 1141 1420 Neronis
1159 1355 1294 1414 sustine-

264 1465 330 1526 bat.
374 1467 423 1526 Ad
446 1489 538 1548 quam
561 1489 736 1550 progressus
752 1469 925 1543 Tiridates,
945 1467 1041 1528 caesis
1062 1485 1098 1526 ex
1122 1483 1209 1526 more
1231 1465 1294 1524 vic-
1315 1473 1351 1514 ¹⁰

263 1574 367 1644 timis,
389 1573 542 1634 sublatum
561 1577 659 1656 capite
678 1575 816 1636 diadema
847 1575 970 1655 imagini
998 1573 1143 1650 suliecit,
1177 1569 1297 1654 unguis

219 1755 222 1762 Ι
263 1680 344 1760 apud
364 1691 490 1742 cunctos
511 1683 685 1742 animorum
703 1683 851 1760 motibus,
874 1703 951 1763 quos
971 1680 1102 1763 augebat
1123 1681 1214 1740 insita
1234 1676 1297 1740 ad·

263 1788 325 1848 buc
344 1789 441 1852 oculis
457 1792 643 1852 exoecitnnm
665 1791 869 1852 Romanorum
887 1790 994 1851 caedes
1014 1799 1068 1850 aut
1088 1786 1219 1848 obsidio.
1248 1785 1294 1846 At

265 1913 348 1953 nunc
369 1913 473 1954 versos
504 1916 613 1956 casos:
641 1895 754 1954 iturum
778 1893 933 1954 Tiridaten
961 1898 1090 1956 ostentui
1130 1893 1292 1978 gestibus,

263 2009 378 2080 quanto
399 2000 500 2060 minus
523 2023 616 2084 qnam
650 2003 826 2084 captivum?
867 1999 991 2062 Addidit
1021 2003 1137 2086 gloriae
1157 2000 1349 2079 Corbulosso

262 2105 434 2165 comitatem
453 2106 637 2188 epulasque;
667 2117 698 2167 et
724 2111 873 2190 rogitante
899 2128 968 2188 rege
1000 2129 1122 2182 causas,
1154 2112 1298 2191 quotiem

262 2232 376 2272 novum
400 2211 517 2294 aliquid
531 2214 722 2286 adverterat,
753 2227 789 2274 nt
815 2216 901 2276 initia
920 2213 1091 2296 vigiliarum
1109 2237 1166 2297 per
1188 2228 1298 2276 centu—

263 2321 380 2380 rionem
400 2321 552 2394 nuntiari,
573 2321 746 2380 convivium
760 2321 871 2380 bucina
892 2321 1003 2380 dimitti
1026 2333 1057 2382 et
1075 2332 1222 2382 structam
1242 2305 1298 2384 au·

262 2437 294 2486 te
314 2427 457 2507 augurale
477 2448 562 2487 aram
586 2426 708 2488 subdita
739 2427 803 2486 face
827 2428 968 2504 accendi,
1001 2438 1111 2488 cuneta
1135 2429 1167 2489 in
1197 2429 1297 2489 maius

261 2533 403 2596 attollens
423 2536 623 2596 admiratione
637 2537 725 2616 prisci
748 2535 842 2596 moris
861 2535 973 2596 affecit.
1018 2537 1144 2596 Postero
1160 2533 1210 2593 die
1229 2557 1295 2614 spa·
1312 2555 1349 2594 no

261 2642 338 2700 tium
358 2642 472 2715 orarit,
496 2661 558 2724 quo
571 2653 691 2703 tantum
719 2641 835 2702 itineris
857 2641 994 2700 aditurus
1014 2640 1122 2700 {intres
1141 2653 1212 2702 ante
1228 2664 1296 2702 ma.

261 2759 400 2832 tremque
421 2753 552 2812 viseret:
572 2749 712 2811 obsidem
740 2752 855 2811 interea
887 2749 980 2808 tiliam
1007 2749 1100 2809 tradit
1119 2749 1296 2830 litterasque

238 2853 410 2938 supplices
436 2856 476 2915 ad
506 2859 669 2917 Neronem.
712 2856 753 2914 Et
780 2855 929 2937 digressus
949 2855 1103 2914 Pacorum
1124 2854 1206 2936 apud
1227 2857 1342 2942 bie-31

264 2963 339 3036 dos,
362 2963 533 3044 Vologesen
552 2962 716 3022 Ecbatanis
745 2964 904 3043 repperit,
934 2983 1007 3052 ooo¹
1025 2962 1212 3022 incuriosum
1231 2962 1294 3020 lra-

261 3068 336 3126 tris:
359 3067 470 3148 quippe
497 3075 527 3125 et
550 3068 683 3148 propriis
703 3069 817 3126 nuntiis
841 3089 859 3128 a
881 3067 1054 3128 Corbulone
1082 3069 1227 3150 petierat,
1255 3089 1295 3129 ne
1313 3068 1350 3131 25

261 3195 354 3256 Qum
384 3175 546 3256 imaginem
568 3176 682 3235 servitii
713 3173 864 3234 Tiridates
887 3173 1059 3254 perferret,
1092 3197 1151 3236 neu
1181 3175 1297 3236 ferrum

262 3282 406 3356 traderet,
423 3291 475 3340 aut
486 3280 644 3361 complexu
657 3257 827 3362 provincias
840 3280 1041 3342 obtinentium
1052 3293 1206 3342 arceretur
1222 3282 1298 3342 sori·

263 3387 360 3472 busve
373 3407 479 3446 eorum
492 3390 653 3460 assisteret,
665 3398 828 3467 tantusque
842 3387 869 3448 ei
883 3388 1008 3466 Romae,
1022 3388 1297 3470 qnantusconsuli·

264 3495 330 3572 bus,
342 3494 442 3554 honor
459 3477 544 3555 esset.
565 3494 686 3554 Scilicet
701 3507 843 3554 externae
858 3495 1016 3575 superbiae
1027 3506 1113 3556 sueto
1121 3516 1182 3555 nou
1199 3497 1299 3555 iuerat

265 3601 373 3661 notitia
384 3603 492 3678 nostri,
501 3600 583 3684 apud
592 3622 667 3683 quos
677 3603 723 3664 vis
732 3603 849 3684 imperii
859 3601 948 3680 valet,
956 3604 1058 3664 inania
1068 3602 1297 3668 tramittuntur.
1313 3608 1352 3670 30

340 3773 379 3808 ιι.
395 3716 605 3828 mimicam·
621 3759 674 3816 tls.
693 3755 766 3810 iden
788 3761 826 3827 ¹4
848 3762 954 3812 item

337 3865 378 3916 to.
397 3850 532 3918 augrtrale
553 3850 675 3918 Lipsius:
694 3850 800 3908 codices
816 3849 986 3920 sugentem.
1006 3850 1046 3906 as.
1064 3851 1196 3908 rnorem
1212 3849 1263 3902 ils.

199 3951 203 3959 “
336 3945 379 4000 30.
399 3945 510 4000 interae
527 3947 578 4040 ψ.
