2826 4730
214 269 271 377 lli
451 379 458 386 ,
619 305 843 378 lttttntttttt

66 499 93 569 (¹¹
110 495 499 586 Coalastnatgrrditur.
542 505 675 567 Omnem
718 529 786 567 eam
827 507 982 568 nationem
1017 483 1247 572 Rhoemetalces

212 601 370 695 lenaei-au
394 635 455 695 quo
476 607 619 674 defuncto
642 618 793 698 Augustus
815 625 930 698 partem
952 609 1124 677 Thraecum
1152 617 1250 678 Rhes-

210 708 348 815 cuporidi
378 733 464 792 fratri
494 731 582 807 eius,
614 741 729 810 partem
753 715 815 787 tilio
845 718 934 810 Cotyi
958 717 1104 809 permisit.
1149 729 1184 786 lu
1215 749 1251 788 ea

98 831 105 848 ⁸
209 839 358 902 divisione
390 861 464 900 arva
492 852 522 900 et
552 839 643 900 urbes
672 849 704 900 et
737 841 844 899 vicina-
869 839 994 899 Graecis
1027 829 1136 921 Cotyi,
1167 837 1250 920 quod

210 943 359 1010 incultum
389 949 472 1010 ferox
493 945 645 1008 adnerum
675 947 814 1007 hostibus
831 941 1106 1028 „Rhescuporidi
1137 948 1246 1024 cessit3
1292 937 1310 998 5

210 1052 408 1140 ipsorumque
437 1077 543 1139 regum
569 1051 707 1138 ingenia,
743 1044 787 1116 illi
807 1055 882 1122 mite
907 1058 936 1116 et
959 1071 1144 1134 amoenum,
1176 1045 1249 1116 huie
1278 1047 1286 1116 ,⁵

171 1187 176 1244 j
210 1178 294 1226 atrox
329 1163 453 1252 avidum
489 1177 520 1226 et
550 1165 696 1224 societatis
731 1165 889 1245 impatiens
926 1166 1002 1224 erat.
1055 1163 1114 1223 Sed
1149 1167 1251 1244 primo

219 1272 345 1334 subdola
379 1262 541 1333 concordia
573 1291 678 1352 egere:
710 1285 778 1354 mox
803 1262 1004 1352 Rhescuporis
1028 1272 1133 1356 egredi
1164 1259 1267 1354 lines,¹

159 1430 164 1450 ,
212 1393 333 1440 vertere
353 1385 381 1440 in
397 1404 428 1440 se
453 1381 542 1463 Cotyi
561 1379 640 1458 data,
658 1391 690 1442 et
712 1382 867 1443 resistenti
887 1384 948 1440 rim
966 1382 1082 1453 facere,
1105 1392 1252 1442 cunctan-

208 1491 264 1547 ‘ter
292 1477 349 1546 sub
377 1487 531 1568 Auguste,
571 1509 662 1570 quem
697 1499 852 1550 auctorem
890 1489 1048 1570 utriusque
1081 1492 1185 1572 regui,
1227 1490 1252 1548 si
1276 1483 1313 1534 Ν)

212 1605 426 1676 sperneretur,
451 1591 603 1654 vindicem
627 1587 793 1656 metuebat.
837 1583 1005 1656 Enimvero
1029 1595 1133 1655 audita
1150 1605 1252 1654 muta.

120 1775 123 1784 1
218 1706 302 1765 tione
317 1703 463 1786 principis
486 1705 653 1766 immittere
672 1695 826 1764 latronum
848 1702 974 1787 globos,
1000 1705 1177 1764 exscindere
1201 1714 1252 1764 ca*-

212 1799 310 1885 stella,
332 1821 436 1870 causas
454 1799 547 1870 bello.
576 1806 661 1870 Nihil
683 1831 778 1892 aeque
795 1807 956 1870 Tiberium
971 1814 1093 1871 anxium
1106 1798 1314 1885 habebatssss

211 1931 304 2002 quatu
326 1929 365 1978 ue
385 1921 552 2000 composita
578 1921 784 1979 turbarentur.
827 1918 940 2001 Deligit
969 1907 1179 1988 centurionem
1200 1922 1253 2002 qui

183 2030 185 2034 ’
206 2021 367 2096 ¹nubtiare't
379 2029 518 2109 regibus,
535 2049 574 2088 ue
591 2021 684 2088 armis
698 2025 923 2110 disceptarent3
938 2034 1100 2112 statimque
1122 2053 1139 2090 a
1155 2032 1249 2113 Cotye
1276 2019 1317 2088 15

94 2112 98 2119 ¹
211 2125 334 2195 dimissa
363 2142 436 2192 sunt
466 2155 544 2214 quae
575 2145 739 2215 paraverat
769 2128 889 2200 auxilia.
952 2132 1155 2218 Rhescuporis
1183 2127 1253 2196 licta

207 2231 359 2302 'modestia
388 2240 539 2320 postulat,
571 2239 703 2299 eundem
735 2237 891 2300 inlocum
916 2232 1068 2302 coiretur:
1100 2258 1184 2323 posse
1217 2243 1255 2302 de

212 2350 427 2410 controversiis
460 2348 614 2429 colloquio
643 2352 788 2438 transigi..
830 2349 894 2408 Nec
927 2349 980 2409 diu
1010 2334 1180 2409 dubitatum
1216 2352 1255 2412 de

216 2469 354 2538 tempore
376 2455 443 2514 loco
465 2449 535 2513 dein
556 2455 796 2528 condicionibus,
820 2479 891 2517 cum
914 2457 990 2518 alter
1010 2458 1157 2519 facilitate
1177 2460 1255 2520 alter

212 2561 322 2628 fraude
342 2573 449 2622 cuncta
478 2558 556 2624 inter
587 2587 619 2625 se
640 2563 843 2626 concederent
872 2563 1117 2646 acciperentque.
1158 2555 1321 2628 tabes-20

214 2671 338 2754 coporis
359 2673 545 2750 sanciendo,
568 2681 602 2733 ut
622 2671 804 2746 dictitabat,
828 2672 945 2734 foederi
969 2677 1144 2734 convivium
1176 2664 1254 2734 adii-

215 2783 280 2859 cit,
317 2791 478 2864 tractaque
511 2783 542 2840 in
577 2781 705 2842 multam
732 2793 851 2842 noctem
871 2783 986 2842 laetitia
1008 2805 1062 2864 per
1089 2783 1192 2864 epulas
1220 2805 1256 2842 ac

213 2891 409 2952 vinolentiam
430 2888 587 2972 incautum
603 2891 702 2974 Cotyn
723 2903 773 2971 et,
798 2903 959 2973 postquam
975 2891 1080 2951 dolum
1100 2885 1256 2954 intellexe-

214 3005 277 3074 rat,
298 3017 385 3059 sacra
403 3000 500 3078 regqi,
523 2997 658 3057 eiusdem
678 2998 809 3058 familiae
823 2994 895 3058 deos
916 3010 946 3058 et
965 2993 1122 3080 hospitalis
1137 3023 1255 3060 mensas

177 3093 185 3110 ¹
215 3106 415 3166 obtestantem
436 3107 550 3166 catenis
569 3105 687 3166 onerat.
708 3107 920 3188 Thraeciaque
934 3112 1018 3168 omni
1034 3111 1145 3188 potitus
1158 3111 1255 3190 scrip:
1276 3100 1319 3168 25

215 3216 255 3274 sit
275 3214 314 3273 ad
341 3213 499 3272 Tiberium
531 3223 661 3274 structas
697 3211 754 3274 sibi
780 3215 923 3288 insidias,
956 3227 1154 3296 praeventum
1183 3221 1255 3278 insi-

217 3323 390 3402 diatorem3
431 3319 520 3380 simul
554 3320 668 3381 bellum
696 3321 840 3381 adversus
876 3322 1036 3381 Bastarnas
1068 3321 1257 3404 Scythasque

218 3424 420 3512 praetendens
444 3434 531 3491 novis
545 3429 681 3512 peditum
705 3443 735 3489 et
754 3434 891 3511 equitum
912 3431 1007 3510 copiis
1021 3453 1084 3490 sese
1107 3432 1256 3492 firmabat.

216 3536 353 3598 Molliter
372 3541 573 3619 rescriptum,
603 3541 627 3597 si
650 3537 733 3596 fraus
755 3538 893 3616 abesset,
914 3556 1092 3619 passerum
1117 3544 1256 3600 iunocen-

216 3646 278 3706 tiae
298 3646 414 3722 fidere3
438 3656 577 3708 ceterum
599 3666 697 3725 neque
727 3665 758 3704 se
779 3667 878 3728 neque
902 3658 1039 3707 senatum
1060 3651 1117 3708 uisi
1138 3650 1257 3732 cognita
1277 3641 1318 3710 30

119 3759 127 3766 “
219 3775 308 3813 causa
337 3757 383 3812 ius
406 3765 437 3814 et
463 3753 608 3813 iniuriam
636 3750 843 3814 discreturos:
873 3756 1004 3837 proinde
1028 3758 1142 3818 tradito
1163 3758 1258 3839 Cotye

226 3888 417 3902 m

289 4002 330 4036 αι.
349 3981 437 4034 adicit
457 3999 488 4032 ex
507 3982 557 4050 (tt)
576 3980 719 4034 uettrrns.
