<?xml version="1.0" encoding="UTF-8"?>
<!DOCTYPE html PUBLIC "-//W3C//DTD XHTML 1.0 Transitional//EN"
    "http://www.w3.org/TR/xhtml1/DTD/xhtml1-transitional.dtd">
<html xmlns="http://www.w3.org/1999/xhtml" xml:lang="en" lang="en">
 <head>
  <title>
</title>
<meta http-equiv="Content-Type" content="text/html;charset=utf-8" />
  <meta name='ocr-system' content='tesseract 3.04.00' />
  <meta name='ocr-capabilities' content='ocr_page ocr_carea ocr_par ocr_line ocrx_word'/>
</head>
<body>
  <div class='ocr_page' id='page_1' title='image "./ccorneliitaciti00rittgoog_0405.png"; bbox 0 0 2900 4706; ppageno 0'>
   <div class='ocr_carea' id='block_1_1' title="bbox 443 289 1206 382">
    <p class='ocr_par' dir='ltr' id='par_1_1' title="bbox 443 289 1206 382">
     <span class='ocr_line' id='line_1_1' title="bbox 443 289 1206 382; baseline 0.007 -8"><span class='ocrx_word' id='word_1_1' title='bbox 443 289 531 375; x_wconf 77' lang='lat' dir='ltr'>&#39;ma</span> <span class='ocrx_word' id='word_1_2' title='bbox 554 289 637 374; x_wconf 80' lang='lat' dir='ltr'>xiv.</span> <span class='ocrx_word' id='word_1_3' title='bbox 681 311 770 374; x_wconf 76' lang='lat' dir='ltr'>ote.</span> <span class='ocrx_word' id='word_1_4' title='bbox 794 315 927 382; x_wconf 74' lang='lat' dir='ltr'>aa—-ea</span> <span class='ocrx_word' id='word_1_5' title='bbox 1147 302 1206 380; x_wconf 76' lang='lat' dir='ltr'>aet</span> 
     </span>
    </p>
   </div>
   <div class='ocr_carea' id='block_1_2' title="bbox 83 479 1439 3578">
    <p class='ocr_par' dir='ltr' id='par_1_2' title="bbox 83 479 1439 901">
     <span class='ocr_line' id='line_1_2' title="bbox 83 479 1439 580; baseline 0.004 -32"><span class='ocrx_word' id='word_1_6' title='bbox 83 543 86 548; x_wconf 76' lang='grc'><strong><em>,</em></strong></span> <span class='ocrx_word' id='word_1_7' title='bbox 141 575 145 578; x_wconf 30' lang='grc'>-</span> <span class='ocrx_word' id='word_1_8' title='bbox 184 503 283 554; x_wconf 91' lang='lat' dir='ltr'>tutum</span> <span class='ocrx_word' id='word_1_9' title='bbox 305 496 372 555; x_wconf 86' lang='lat' dir='ltr'>laeti</span> <span class='ocrx_word' id='word_1_10' title='bbox 396 479 557 578; x_wconf 82' lang='lat' dir='ltr'>praedast</span> <span class='ocrx_word' id='word_1_11' title='bbox 579 489 997 578; x_wconf 68' lang='lat' dir='ltr'>aliorumsegnespctebant.</span> <span class='ocrx_word' id='word_1_12' title='bbox 1042 495 1089 556; x_wconf 83' lang='lat' dir='ltr'>Ad</span> <span class='ocrx_word' id='word_1_13' title='bbox 1110 481 1248 576; x_wconf 73' lang='lat' dir='ltr'>septu·(³</span> <span class='ocrx_word' id='word_1_14' title='bbox 1265 481 1356 554; x_wconf 65' lang='grc'>016··)</span> <span class='ocrx_word' id='word_1_15' title='bbox 1438 571 1439 580; x_wconf 9' lang='grc' dir='ltr'>ἵ</span> 
     </span>
     <span class='ocr_line' id='line_1_3' title="bbox 183 599 1210 687; baseline 0.006 -31"><span class='ocrx_word' id='word_1_16' title='bbox 183 604 282 679; x_wconf 77' lang='lat' dir='ltr'>aginta</span> <span class='ocrx_word' id='word_1_17' title='bbox 304 599 385 662; x_wconf 86' lang='lat' dir='ltr'>milia</span> <span class='ocrx_word' id='word_1_18' title='bbox 405 603 515 662; x_wconf 87' lang='lat' dir='ltr'>civium</span> <span class='ocrx_word' id='word_1_19' title='bbox 537 616 566 665; x_wconf 90' lang='lat' dir='ltr'>et</span> <span class='ocrx_word' id='word_1_20' title='bbox 586 599 736 666; x_wconf 87' lang='lat' dir='ltr'>sociorum</span> <span class='ocrx_word' id='word_1_21' title='bbox 770 607 806 664; x_wconf 92' lang='lat' dir='ltr'>iis</span> <span class='ocrx_word' id='word_1_22' title='bbox 827 627 905 687; x_wconf 91' lang='lat' dir='ltr'>qnae</span> <span class='ocrx_word' id='word_1_23' title='bbox 936 607 1103 668; x_wconf 82' lang='lat' dir='ltr'>memoravi</span> <span class='ocrx_word' id='word_1_24' title='bbox 1137 601 1210 664; x_wconf 75' lang='lat' dir='ltr'>locis</span> 
     </span>
     <span class='ocr_line' id='line_1_4' title="bbox 182 708 1209 794; baseline 0.003 -29"><span class='ocrx_word' id='word_1_25' title='bbox 182 708 322 768; x_wconf 86' lang='lat' dir='ltr'>cecidisse</span> <span class='ocrx_word' id='word_1_26' title='bbox 354 711 498 771; x_wconf 88' lang='lat' dir='ltr'>constitit.</span> <span class='ocrx_word' id='word_1_27' title='bbox 545 713 652 794; x_wconf 85' lang='lat' dir='ltr'><strong>Neque</strong></span> <span class='ocrx_word' id='word_1_28' title='bbox 685 713 764 771; x_wconf 89' lang='lat' dir='ltr'>cuim</span> <span class='ocrx_word' id='word_1_29' title='bbox 793 733 902 794; x_wconf 82' lang='lat' dir='ltr'>capere</span> <span class='ocrx_word' id='word_1_30' title='bbox 931 723 983 771; x_wconf 86' lang='lat' dir='ltr'>aut</span> <span class='ocrx_word' id='word_1_31' title='bbox 1011 709 1209 784; x_wconf 81' lang='lat' dir='ltr'>venundare,</span> 
     </span>
     <span class='ocr_line' id='line_1_5' title="bbox 182 805 1211 901; baseline 0.003 -28"><span class='ocrx_word' id='word_1_32' title='bbox 182 805 311 876; x_wconf 86' lang='lat' dir='ltr'>aliudve</span> <span class='ocrx_word' id='word_1_33' title='bbox 326 817 406 897; x_wconf 80' lang='lat' dir='ltr'>qttod</span> <span class='ocrx_word' id='word_1_34' title='bbox 429 817 499 878; x_wconf 84' lang='lat' dir='ltr'>belli</span> <span class='ocrx_word' id='word_1_35' title='bbox 520 821 748 895; x_wconf 87' lang='lat' dir='ltr'>commercium,</span> <span class='ocrx_word' id='word_1_36' title='bbox 772 822 823 882; x_wconf 89' lang='lat' dir='ltr'>sed</span> <span class='ocrx_word' id='word_1_37' title='bbox 847 821 954 882; x_wconf 88' lang='lat' dir='ltr'>caedes</span> <span class='ocrx_word' id='word_1_38' title='bbox 972 820 1107 901; x_wconf 85' lang='lat' dir='ltr'>patibula</span> <span class='ocrx_word' id='word_1_39' title='bbox 1127 805 1211 897; x_wconf 81' lang='lat' dir='ltr'>ignes</span> 
     </span>
    </p>

    <p class='ocr_par' dir='ltr' id='par_1_3' title="bbox 120 913 1305 3578">
     <span class='ocr_line' id='line_1_6' title="bbox 145 913 1210 1010; baseline 0.003 -31"><span class='ocrx_word' id='word_1_40' title='bbox 145 921 162 979; x_wconf 86' lang='lat'><strong>5</strong></span> <span class='ocrx_word' id='word_1_41' title='bbox 183 943 300 999; x_wconf 90' lang='lat' dir='ltr'>cruces,</span> <span class='ocrx_word' id='word_1_42' title='bbox 316 913 464 1008; x_wconf 73' lang='lat' dir='ltr'>tanquam</span> <span class='ocrx_word' id='word_1_43' title='bbox 487 929 634 988; x_wconf 76' lang='lat' dir='ltr'>reddituri</span> <span class='ocrx_word' id='word_1_44' title='bbox 655 927 835 1010; x_wconf 86' lang='lat' dir='ltr'>supplicium</span> <span class='ocrx_word' id='word_1_45' title='bbox 858 951 893 988; x_wconf 91' lang='lat' dir='ltr'>ac</span> <span class='ocrx_word' id='word_1_46' title='bbox 909 939 1067 1010; x_wconf 85' lang='lat' dir='ltr'>praerepta</span> <span class='ocrx_word' id='word_1_47' title='bbox 1088 925 1210 1008; x_wconf 86' lang='lat' dir='ltr'>interim</span> 
     </span>
     <span class='ocr_line' id='line_1_7' title="bbox 125 1015 1209 1121; baseline 0.004 -33"><span class='ocrx_word' id='word_1_48' title='bbox 125 1015 321 1110; x_wconf 65' lang='lat' dir='ltr'>Multione,</span> <span class='ocrx_word' id='word_1_49' title='bbox 343 1034 536 1099; x_wconf 76' lang='lat' dir='ltr'>festinabant.</span> <span class='ocrx_word' id='word_1_50' title='bbox 569 1037 643 1096; x_wconf 51' lang='lat' dir='ltr'>&#39;lam</span> <span class='ocrx_word' id='word_1_51' title='bbox 666 1032 810 1098; x_wconf 88' lang='lat' dir='ltr'>Suetonio</span> <span class='ocrx_word' id='word_1_52' title='bbox 840 1049 947 1121; x_wconf 84' lang='lat' dir='ltr'>quarta</span> <span class='ocrx_word' id='word_1_53' title='bbox 975 1039 1102 1098; x_wconf 89' lang='lat' dir='ltr'>decuma</span> <span class='ocrx_word' id='word_1_54' title='bbox 1132 1033 1209 1116; x_wconf 75' lang='lat' dir='ltr'>legio</span> 
     </span>
     <span class='ocr_line' id='line_1_8' title="bbox 181 1135 1209 1225; baseline 0.005 -29"><span class='ocrx_word' id='word_1_55' title='bbox 181 1157 251 1196; x_wconf 81' lang='lat' dir='ltr'>curn</span> <span class='ocrx_word' id='word_1_56' title='bbox 271 1138 433 1200; x_wconf 79' lang='lat' dir='ltr'>vexillariis</span> <span class='ocrx_word' id='word_1_57' title='bbox 446 1143 648 1220; x_wconf 82' lang='lat' dir='ltr'>vicesimanis,</span> <span class='ocrx_word' id='word_1_58' title='bbox 671 1153 702 1203; x_wconf 92' lang='lat' dir='ltr'>et</span> <span class='ocrx_word' id='word_1_59' title='bbox 723 1165 739 1203; x_wconf 89' lang='lat' dir='ltr'>e</span> <span class='ocrx_word' id='word_1_60' title='bbox 762 1147 906 1225; x_wconf 84' lang='lat' dir='ltr'>proximis</span> <span class='ocrx_word' id='word_1_61' title='bbox 921 1143 1091 1216; x_wconf 83' lang='lat' dir='ltr'>auxiliares,</span> <span class='ocrx_word' id='word_1_62' title='bbox 1106 1135 1209 1202; x_wconf 88' lang='lat' dir='ltr'>decem</span> 
     </span>
     <span class='ocr_line' id='line_1_9' title="bbox 181 1246 1208 1329; baseline 0.004 -25"><span class='ocrx_word' id='word_1_63' title='bbox 181 1246 273 1305; x_wconf 84' lang='lat' dir='ltr'>ferme</span> <span class='ocrx_word' id='word_1_64' title='bbox 296 1247 378 1307; x_wconf 88' lang='lat' dir='ltr'>milia</span> <span class='ocrx_word' id='word_1_65' title='bbox 399 1263 579 1310; x_wconf 85' lang='lat' dir='ltr'>armatorum</span> <span class='ocrx_word' id='word_1_66' title='bbox 604 1255 711 1329; x_wconf 82' lang='lat' dir='ltr'>erant,</span> <span class='ocrx_word' id='word_1_67' title='bbox 734 1277 801 1315; x_wconf 89' lang='lat' dir='ltr'>cum</span> <span class='ocrx_word' id='word_1_68' title='bbox 823 1256 961 1314; x_wconf 84' lang='lat' dir='ltr'>omittere</span> <span class='ocrx_word' id='word_1_69' title='bbox 982 1253 1208 1313; x_wconf 77' lang='lat' dir='ltr'>cunctationem</span> 
     </span>
     <span class='ocr_line' id='line_1_10' title="bbox 180 1345 1211 1443; baseline 0.007 -34"><span class='ocrx_word' id='word_1_70' title='bbox 180 1363 210 1409; x_wconf 86' lang='lat' dir='ltr'>et</span> <span class='ocrx_word' id='word_1_71' title='bbox 235 1353 378 1432; x_wconf 81' lang='lat' dir='ltr'>congredi</span> <span class='ocrx_word' id='word_1_72' title='bbox 399 1355 461 1418; x_wconf 86' lang='lat' dir='ltr'>acie</span> <span class='ocrx_word' id='word_1_73' title='bbox 483 1367 580 1434; x_wconf 84' lang='lat' dir='ltr'>parat.</span> <span class='ocrx_word' id='word_1_74' title='bbox 615 1357 806 1443; x_wconf 74' lang='lat' dir='ltr'>¹Deliqitque</span> <span class='ocrx_word' id='word_1_75' title='bbox 838 1345 939 1417; x_wconf 80' lang='lat' dir='ltr'>locum</span> <span class='ocrx_word' id='word_1_76' title='bbox 970 1360 1044 1418; x_wconf 90' lang='lat' dir='ltr'>artis</span> <span class='ocrx_word' id='word_1_77' title='bbox 1073 1359 1211 1418; x_wconf 73' lang='lat' dir='ltr'>tartacibus</span> 
     </span>
     <span class='ocr_line' id='line_1_11' title="bbox 125 1462 1210 1553; baseline 0.002 -33"><span class='ocrx_word' id='word_1_78' title='bbox 125 1471 245 1520; x_wconf 80' lang='lat' dir='ltr'>meta</span> <span class='ocrx_word' id='word_1_79' title='bbox 266 1473 353 1544; x_wconf 83' lang='lat' dir='ltr'>tergo</span> <span class='ocrx_word' id='word_1_80' title='bbox 378 1463 452 1522; x_wconf 85' lang='lat' dir='ltr'>silva</span> <span class='ocrx_word' id='word_1_81' title='bbox 475 1462 631 1553; x_wconf 90' lang='lat' dir='ltr'>clausum,</span> <span class='ocrx_word' id='word_1_82' title='bbox 656 1465 727 1525; x_wconf 88' lang='lat' dir='ltr'>satis</span> <span class='ocrx_word' id='word_1_83' title='bbox 752 1469 872 1543; x_wconf 81' lang='lat' dir='ltr'>cognito</span> <span class='ocrx_word' id='word_1_84' title='bbox 894 1463 971 1536; x_wconf 86' lang='lat' dir='ltr'>nihil</span> <span class='ocrx_word' id='word_1_85' title='bbox 991 1462 1122 1524; x_wconf 85' lang='lat' dir='ltr'>hostiurn</span> <span class='ocrx_word' id='word_1_86' title='bbox 1153 1468 1210 1524; x_wconf 88' lang='lat' dir='ltr'>nisi</span> 
     </span>
     <span class='ocr_line' id='line_1_12' title="bbox 161 1553 1224 1656; baseline -0.004 -24"><span class='ocrx_word' id='word_1_87' title='bbox 161 1577 209 1656; x_wconf 83' lang='lat' dir='ltr'>¹in</span> <span class='ocrx_word' id='word_1_88' title='bbox 233 1565 332 1632; x_wconf 83' lang='lat' dir='ltr'>fronte</span> <span class='ocrx_word' id='word_1_89' title='bbox 353 1583 382 1632; x_wconf 88' lang='lat' dir='ltr'>et</span> <span class='ocrx_word' id='word_1_90' title='bbox 407 1583 543 1652; x_wconf 86' lang='lat' dir='ltr'>apertam</span> <span class='ocrx_word' id='word_1_91' title='bbox 565 1574 716 1654; x_wconf 86' lang='lat' dir='ltr'>planitiem</span> <span class='ocrx_word' id='word_1_92' title='bbox 735 1595 819 1646; x_wconf 88' lang='lat' dir='ltr'>esse,</span> <span class='ocrx_word' id='word_1_93' title='bbox 845 1573 909 1634; x_wconf 90' lang='lat' dir='ltr'>sine</span> <span class='ocrx_word' id='word_1_94' title='bbox 921 1585 1002 1634; x_wconf 87' lang='lat' dir='ltr'>metu</span> <span class='ocrx_word' id='word_1_95' title='bbox 1014 1553 1224 1632; x_wconf 42' lang='lat' dir='ltr'>insidiarum(</span> 
     </span>
     <span class='ocr_line' id='line_1_13' title="bbox 181 1666 1212 1760; baseline -0.001 -23"><span class='ocrx_word' id='word_1_96' title='bbox 181 1681 276 1758; x_wconf 78' lang='lat' dir='ltr'>lgitnr</span> <span class='ocrx_word' id='word_1_97' title='bbox 299 1666 484 1760; x_wconf 81' lang='lat' dir='ltr'>legionarius</span> <span class='ocrx_word' id='word_1_98' title='bbox 506 1681 649 1760; x_wconf 86' lang='lat' dir='ltr'>frequens</span> <span class='ocrx_word' id='word_1_99' title='bbox 668 1680 846 1756; x_wconf 85' lang='lat' dir='ltr'>ordinibus,</span> <span class='ocrx_word' id='word_1_100' title='bbox 868 1675 942 1740; x_wconf 90' lang='lat' dir='ltr'>levis</span> <span class='ocrx_word' id='word_1_101' title='bbox 973 1678 1085 1738; x_wconf 86' lang='lat' dir='ltr'>circum</span> <span class='ocrx_word' id='word_1_102' title='bbox 1109 1696 1212 1737; x_wconf 72' lang='lat' dir='ltr'>arma-⁶</span> 
     </span>
     <span class='ocr_line' id='line_1_14' title="bbox 180 1784 1305 1868; baseline 0.001 -25"><span class='ocrx_word' id='word_1_103' title='bbox 180 1797 269 1858; x_wconf 86' lang='lat' dir='ltr'>tura,</span> <span class='ocrx_word' id='word_1_104' title='bbox 292 1785 489 1868; x_wconf 83' lang='lat' dir='ltr'>conglobatus</span> <span class='ocrx_word' id='word_1_105' title='bbox 511 1808 567 1866; x_wconf 92' lang='lat' dir='ltr'>pro</span> <span class='ocrx_word' id='word_1_106' title='bbox 588 1787 731 1846; x_wconf 89' lang='lat' dir='ltr'>cornibus</span> <span class='ocrx_word' id='word_1_107' title='bbox 753 1801 843 1867; x_wconf 83' lang='lat' dir='ltr'>eques</span> <span class='ocrx_word' id='word_1_108' title='bbox 865 1785 987 1848; x_wconf 81' lang='lat' dir='ltr'>adstitit.</span> <span class='ocrx_word' id='word_1_109' title='bbox 1030 1784 1073 1844; x_wconf 80' lang='lat' dir='ltr'>At</span> <span class='ocrx_word' id='word_1_110' title='bbox 1093 1785 1212 1844; x_wconf 83' lang='lat' dir='ltr'>Britan-</span> <span class='ocrx_word' id='word_1_111' title='bbox 1304 1857 1305 1862; x_wconf 7' lang='grc' dir='ltr'>ἵ</span> 
     </span>
     <span class='ocr_line' id='line_1_15' title="bbox 137 1893 1208 1973; baseline 0 -21"><span class='ocrx_word' id='word_1_112' title='bbox 137 1903 140 1912; x_wconf 87' lang='grc'><em>’</em></span> <span class='ocrx_word' id='word_1_113' title='bbox 180 1909 291 1953; x_wconf 87' lang='lat' dir='ltr'>norum</span> <span class='ocrx_word' id='word_1_114' title='bbox 313 1895 417 1973; x_wconf 84' lang='lat' dir='ltr'>copiae</span> <span class='ocrx_word' id='word_1_115' title='bbox 437 1894 774 1973; x_wconf 70' lang='lat' dir='ltr'>passim‘per&#39;catervas</span> <span class='ocrx_word' id='word_1_116' title='bbox 807 1905 836 1952; x_wconf 89' lang='lat' dir='ltr'>et</span> <span class='ocrx_word' id='word_1_117' title='bbox 858 1897 973 1954; x_wconf 84' lang='lat' dir='ltr'>turmas</span> <span class='ocrx_word' id='word_1_118' title='bbox 1003 1893 1208 1966; x_wconf 80' lang='lat' dir='ltr'>exsultabant,</span> 
     </span>
     <span class='ocr_line' id='line_1_16' title="bbox 124 1979 1211 2091; baseline 0 -31"><span class='ocrx_word' id='word_1_119' title='bbox 124 1992 158 2052; x_wconf 81' lang='lat'>¹5</span> <span class='ocrx_word' id='word_1_120' title='bbox 181 2013 294 2082; x_wconf 87' lang='lat' dir='ltr'>quanta</span> <span class='ocrx_word' id='word_1_121' title='bbox 316 2006 379 2062; x_wconf 82' lang='lat' dir='ltr'>non</span> <span class='ocrx_word' id='word_1_122' title='bbox 400 2002 472 2062; x_wconf 82' lang='lat' dir='ltr'>alias</span> <span class='ocrx_word' id='word_1_123' title='bbox 493 2003 655 2091; x_wconf 88' lang='lat' dir='ltr'>multitudo</span> <span class='ocrx_word' id='word_1_124' title='bbox 677 2011 705 2064; x_wconf 87' lang='lat' dir='ltr'>et</span> <span class='ocrx_word' id='word_1_125' title='bbox 726 2005 827 2062; x_wconf 89' lang='lat' dir='ltr'>animo</span> <span class='ocrx_word' id='word_1_126' title='bbox 849 1979 923 2063; x_wconf 87' lang='lat' dir='ltr'>adeo</span> <span class='ocrx_word' id='word_1_127' title='bbox 947 2003 1032 2080; x_wconf 85' lang='lat' dir='ltr'>fero,</span> <span class='ocrx_word' id='word_1_128' title='bbox 1053 2013 1087 2062; x_wconf 88' lang='lat' dir='ltr'>ut</span> <span class='ocrx_word' id='word_1_129' title='bbox 1103 1991 1211 2061; x_wconf 75' lang='lat' dir='ltr'>coniu-</span> 
     </span>
     <span class='ocr_line' id='line_1_17' title="bbox 178 2108 1213 2190; baseline 0.001 -22"><span class='ocrx_word' id='word_1_130' title='bbox 178 2131 227 2189; x_wconf 82' lang='lat' dir='ltr'>ges</span> <span class='ocrx_word' id='word_1_131' title='bbox 249 2123 368 2190; x_wconf 87' lang='lat' dir='ltr'>quoque</span> <span class='ocrx_word' id='word_1_132' title='bbox 388 2122 483 2176; x_wconf 23' lang='lat' dir='ltr'>,testes</span> <span class='ocrx_word' id='word_1_133' title='bbox 512 2115 655 2172; x_wconf 86' lang='lat' dir='ltr'>victoriae</span> <span class='ocrx_word' id='word_1_134' title='bbox 686 2132 786 2170; x_wconf 87' lang='lat' dir='ltr'>seeum</span> <span class='ocrx_word' id='word_1_135' title='bbox 816 2111 981 2170; x_wconf 76' lang='lat' dir='ltr'>&#39;traherent</span> <span class='ocrx_word' id='word_1_136' title='bbox 1010 2108 1213 2190; x_wconf 80' lang='lat' dir='ltr'>plaustrisque</span> 
     </span>
     <span class='ocr_line' id='line_1_18' title="bbox 180 2204 1281 2304; baseline 0.001 -30"><span class='ocrx_word' id='word_1_137' title='bbox 180 2217 380 2296; x_wconf 82' lang='lat' dir='ltr'>imponerent,</span> <span class='ocrx_word' id='word_1_138' title='bbox 404 2236 482 2297; x_wconf 91' lang='lat' dir='ltr'>quae</span> <span class='ocrx_word' id='word_1_139' title='bbox 512 2237 604 2297; x_wconf 89' lang='lat' dir='ltr'>super</span> <span class='ocrx_word' id='word_1_140' title='bbox 625 2229 790 2304; x_wconf 83' lang='lat' dir='ltr'>extremum</span> <span class='ocrx_word' id='word_1_141' title='bbox 815 2218 962 2277; x_wconf 86' lang='lat' dir='ltr'>ambitam</span> <span class='ocrx_word' id='word_1_142' title='bbox 982 2213 1079 2294; x_wconf 89' lang='lat' dir='ltr'>campi</span> <span class='ocrx_word' id='word_1_143' title='bbox 1102 2235 1211 2294; x_wconf 86' lang='lat' dir='ltr'>posue-</span> <span class='ocrx_word' id='word_1_144' title='bbox 1280 2204 1281 2208; x_wconf 22' lang='lat'>¹</span> 
     </span>
     <span class='ocr_line' id='line_1_19' title="bbox 122 2310 1211 2410; baseline -0.004 -24"><span class='ocrx_word' id='word_1_145' title='bbox 122 2311 255 2389; x_wconf 73' lang='lat' dir='ltr'>3t5rant.</span> <span class='ocrx_word' id='word_1_146' title='bbox 285 2310 435 2386; x_wconf 78' lang='lat' dir='ltr'>Boudicea</span> <span class='ocrx_word' id='word_1_147' title='bbox 457 2345 546 2386; x_wconf 90' lang='lat' dir='ltr'>curru</span> <span class='ocrx_word' id='word_1_148' title='bbox 568 2323 644 2387; x_wconf 86' lang='lat' dir='ltr'>tilias</span> <span class='ocrx_word' id='word_1_149' title='bbox 665 2349 739 2407; x_wconf 87' lang='lat' dir='ltr'>prae</span> <span class='ocrx_word' id='word_1_150' title='bbox 754 2347 784 2386; x_wconf 84' lang='lat' dir='ltr'>se</span> <span class='ocrx_word' id='word_1_151' title='bbox 799 2321 922 2397; x_wconf 84' lang='lat' dir='ltr'>vehens,</span> <span class='ocrx_word' id='word_1_152' title='bbox 943 2331 979 2384; x_wconf 90' lang='lat' dir='ltr'>ut</span> <span class='ocrx_word' id='word_1_153' title='bbox 992 2343 1211 2410; x_wconf 75' lang='lat' dir='ltr'>quamquena-</span> 
     </span>
     <span class='ocr_line' id='line_1_20' title="bbox 178 2429 1211 2512; baseline -0.005 -20"><span class='ocrx_word' id='word_1_154' title='bbox 178 2437 290 2494; x_wconf 88' lang='lat' dir='ltr'>tionem</span> <span class='ocrx_word' id='word_1_155' title='bbox 317 2443 501 2502; x_wconf 79' lang='lat' dir='ltr'>accesserat,</span> <span class='ocrx_word' id='word_1_156' title='bbox 541 2429 664 2493; x_wconf 85' lang='lat' dir='ltr'>solitum</span> <span class='ocrx_word' id='word_1_157' title='bbox 697 2433 818 2512; x_wconf 87' lang='lat' dir='ltr'>quidem</span> <span class='ocrx_word' id='word_1_158' title='bbox 848 2431 1002 2492; x_wconf 90' lang='lat' dir='ltr'>Britannis</span> <span class='ocrx_word' id='word_1_159' title='bbox 1030 2431 1211 2489; x_wconf 84' lang='lat' dir='ltr'>feminarum</span> 
     </span>
     <span class='ocr_line' id='line_1_21' title="bbox 120 2519 1260 2601; baseline -0.007 0"><span class='ocrx_word' id='word_1_160' title='bbox 120 2550 158 2594; x_wconf 81' lang='lat'>2&#39;0</span> <span class='ocrx_word' id='word_1_161' title='bbox 180 2541 274 2601; x_wconf 90' lang='lat' dir='ltr'>ductu</span> <span class='ocrx_word' id='word_1_162' title='bbox 294 2540 407 2600; x_wconf 87' lang='lat' dir='ltr'>bellare</span> <span class='ocrx_word' id='word_1_163' title='bbox 425 2535 595 2600; x_wconf 81' lang='lat' dir='ltr'>testabatur</span> <span class='ocrx_word' id='word_1_164' title='bbox 610 2519 692 2601; x_wconf 83' lang='lat' dir='ltr'>:scd</span> <span class='ocrx_word' id='word_1_165' title='bbox 714 2551 789 2599; x_wconf 91' lang='lat' dir='ltr'>tunc</span> <span class='ocrx_word' id='word_1_166' title='bbox 812 2557 873 2598; x_wconf 90' lang='lat' dir='ltr'>non</span> <span class='ocrx_word' id='word_1_167' title='bbox 905 2550 939 2598; x_wconf 89' lang='lat' dir='ltr'>ut</span> <span class='ocrx_word' id='word_1_168' title='bbox 964 2541 1057 2600; x_wconf 85' lang='lat' dir='ltr'>tantis</span> <span class='ocrx_word' id='word_1_169' title='bbox 1088 2533 1212 2594; x_wconf 88' lang='lat' dir='ltr'>maiori·</span> <span class='ocrx_word' id='word_1_170' title='bbox 1257 2577 1260 2583; x_wconf 39' lang='grc' dir='ltr'><em>ι</em></span> 
     </span>
     <span class='ocr_line' id='line_1_22' title="bbox 179 2641 1211 2724; baseline -0.004 -18"><span class='ocrx_word' id='word_1_171' title='bbox 179 2649 236 2706; x_wconf 85' lang='lat' dir='ltr'>bus</span> <span class='ocrx_word' id='word_1_172' title='bbox 258 2657 355 2706; x_wconf 87' lang='lat' dir='ltr'>ortam</span> <span class='ocrx_word' id='word_1_173' title='bbox 380 2652 507 2724; x_wconf 80' lang='lat' dir='ltr'>regnum</span> <span class='ocrx_word' id='word_1_174' title='bbox 532 2656 560 2702; x_wconf 89' lang='lat' dir='ltr'>et</span> <span class='ocrx_word' id='word_1_175' title='bbox 583 2655 804 2722; x_wconf 76' lang='lat' dir='ltr'>opes,&#39;verutn</span> <span class='ocrx_word' id='word_1_176' title='bbox 833 2653 866 2701; x_wconf 89' lang='lat' dir='ltr'>ut</span> <span class='ocrx_word' id='word_1_177' title='bbox 892 2663 1022 2702; x_wconf 88' lang='lat' dir='ltr'>uname</span> <span class='ocrx_word' id='word_1_178' title='bbox 1051 2642 1141 2722; x_wconf 79' lang='lat' dir='ltr'>vulgo</span> <span class='ocrx_word' id='word_1_179' title='bbox 1172 2641 1211 2702; x_wconf 90' lang='lat' dir='ltr'>li-</span> 
     </span>
     <span class='ocr_line' id='line_1_23' title="bbox 178 2726 1209 2831; baseline -0.008 -15"><span class='ocrx_word' id='word_1_180' title='bbox 178 2759 328 2816; x_wconf 88' lang='lat' dir='ltr'>bertatem</span> <span class='ocrx_word' id='word_1_181' title='bbox 350 2755 509 2821; x_wconf 83' lang='lat' dir='ltr'>amissam,</span> <span class='ocrx_word' id='word_1_182' title='bbox 534 2745 707 2811; x_wconf 76' lang='lat' dir='ltr'>confectam</span> <span class='ocrx_word' id='word_1_183' title='bbox 731 2751 906 2811; x_wconf 88' lang='lat' dir='ltr'>verberibus</span> <span class='ocrx_word' id='word_1_184' title='bbox 927 2768 1049 2831; x_wconf 88' lang='lat' dir='ltr'>corpus,</span> <span class='ocrx_word' id='word_1_185' title='bbox 1070 2726 1209 2808; x_wconf 58' lang='lat' dir='ltr'>contrec*</span> 
     </span>
     <span class='ocr_line' id='line_1_24' title="bbox 178 2840 1209 2942; baseline -0.009 -20"><span class='ocrx_word' id='word_1_186' title='bbox 178 2840 272 2923; x_wconf 87' lang='lat' dir='ltr'>tatam</span> <span class='ocrx_word' id='word_1_187' title='bbox 292 2863 421 2941; x_wconf 83' lang='lat' dir='ltr'>filiarum</span> <span class='ocrx_word' id='word_1_188' title='bbox 445 2860 622 2942; x_wconf 85' lang='lat' dir='ltr'>pudicitiam</span> <span class='ocrx_word' id='word_1_189' title='bbox 635 2859 759 2922; x_wconf 86' lang='lat' dir='ltr'>ulcisci.</span> <span class='ocrx_word' id='word_1_190' title='bbox 801 2859 849 2919; x_wconf 89' lang='lat' dir='ltr'>Eo</span> <span class='ocrx_word' id='word_1_191' title='bbox 878 2870 1036 2940; x_wconf 88' lang='lat' dir='ltr'>provectas</span> <span class='ocrx_word' id='word_1_192' title='bbox 1057 2855 1209 2916; x_wconf 85' lang='lat' dir='ltr'>Romano-</span> 
     </span>
     <span class='ocr_line' id='line_1_25' title="bbox 182 2951 1219 3052; baseline -0.003 -28"><span class='ocrx_word' id='word_1_193' title='bbox 182 2983 249 3028; x_wconf 83' lang='lat' dir='ltr'>rum</span> <span class='ocrx_word' id='word_1_194' title='bbox 271 2967 443 3048; x_wconf 87' lang='lat' dir='ltr'>cupidines,</span> <span class='ocrx_word' id='word_1_195' title='bbox 467 2977 582 3025; x_wconf 90' lang='lat' dir='ltr'>utnon</span> <span class='ocrx_word' id='word_1_196' title='bbox 605 2983 756 3044; x_wconf 88' lang='lat' dir='ltr'>corpora,</span> <span class='ocrx_word' id='word_1_197' title='bbox 781 2983 820 3022; x_wconf 90' lang='lat' dir='ltr'>ne</span> <span class='ocrx_word' id='word_1_198' title='bbox 841 2951 990 3024; x_wconf 85' lang='lat' dir='ltr'>senectam</span> <span class='ocrx_word' id='word_1_199' title='bbox 1013 2962 1135 3044; x_wconf 88' lang='lat' dir='ltr'>quidem</span> <span class='ocrx_word' id='word_1_200' title='bbox 1157 2970 1219 3052; x_wconf 48' lang='lat' dir='ltr'>aut,</span> 
     </span>
     <span class='ocr_line' id='line_1_26' title="bbox 121 3050 1211 3154; baseline -0.006 -20"><span class='ocrx_word' id='word_1_201' title='bbox 121 3075 160 3134; x_wconf 61' lang='lat'>2⁴5</span> <span class='ocrx_word' id='word_1_202' title='bbox 180 3050 382 3154; x_wconf 78' lang='lat' dir='ltr'>virginitatem</span> <span class='ocrx_word' id='word_1_203' title='bbox 392 3071 580 3153; x_wconf 88' lang='lat' dir='ltr'>impollutam</span> <span class='ocrx_word' id='word_1_204' title='bbox 594 3071 778 3152; x_wconf 87' lang='lat' dir='ltr'>relinquant.</span> <span class='ocrx_word' id='word_1_205' title='bbox 797 3071 909 3132; x_wconf 87' lang='lat' dir='ltr'>Adesse</span> <span class='ocrx_word' id='word_1_206' title='bbox 918 3081 1020 3130; x_wconf 87' lang='lat' dir='ltr'>tamen</span> <span class='ocrx_word' id='word_1_207' title='bbox 1034 3071 1106 3130; x_wconf 84' lang='lat' dir='ltr'>deos</span> <span class='ocrx_word' id='word_1_208' title='bbox 1116 3070 1211 3130; x_wconf 87' lang='lat' dir='ltr'>iustae</span> 
     </span>
     <span class='ocr_line' id='line_1_27' title="bbox 177 3167 1211 3258; baseline -0.007 -17"><span class='ocrx_word' id='word_1_209' title='bbox 177 3181 328 3241; x_wconf 86' lang='lat' dir='ltr'>vindictae</span> <span class='ocrx_word' id='word_1_210' title='bbox 341 3201 349 3238; x_wconf 73' lang='grc' dir='ltr'><strong><em>ε</em></strong></span> <span class='ocrx_word' id='word_1_211' title='bbox 372 3177 511 3239; x_wconf 87' lang='lat' dir='ltr'>cecidisse</span> <span class='ocrx_word' id='word_1_212' title='bbox 524 3177 670 3256; x_wconf 82' lang='lat' dir='ltr'>legionem</span> <span class='ocrx_word' id='word_1_213' title='bbox 684 3167 928 3258; x_wconf 44' lang='lat' dir='ltr'>q&#39;uae&#39;praelium</span> <span class='ocrx_word' id='word_1_214' title='bbox 940 3196 1011 3236; x_wconf 90' lang='lat' dir='ltr'>ausa</span> <span class='ocrx_word' id='word_1_215' title='bbox 1024 3175 1080 3252; x_wconf 74' lang='lat' dir='ltr'>sit,</span> <span class='ocrx_word' id='word_1_216' title='bbox 1097 3186 1211 3236; x_wconf 85' lang='lat' dir='ltr'>ceteros</span> 
     </span>
     <span class='ocr_line' id='line_1_28' title="bbox 178 3285 1209 3370; baseline -0.005 -25"><span class='ocrx_word' id='word_1_217' title='bbox 178 3287 280 3347; x_wconf 88' lang='lat' dir='ltr'>castris</span> <span class='ocrx_word' id='word_1_218' title='bbox 303 3285 446 3346; x_wconf 89' lang='lat' dir='ltr'>occultari</span> <span class='ocrx_word' id='word_1_219' title='bbox 481 3298 533 3344; x_wconf 77' lang='lat' dir='ltr'>aiat</span> <span class='ocrx_word' id='word_1_220' title='bbox 562 3285 662 3366; x_wconf 81' lang='lat' dir='ltr'>fugam</span> <span class='ocrx_word' id='word_1_221' title='bbox 691 3285 931 3370; x_wconf 80' lang='lat' dir='ltr'>circumspicere.</span> <span class='ocrx_word' id='word_1_222' title='bbox 975 3286 1018 3346; x_wconf 90' lang='lat' dir='ltr'>Ne</span> <span class='ocrx_word' id='word_1_223' title='bbox 1048 3285 1209 3362; x_wconf 86' lang='lat' dir='ltr'>strepitum</span> 
     </span>
     <span class='ocr_line' id='line_1_29' title="bbox 179 3373 1211 3474; baseline 0.001 -27"><span class='ocrx_word' id='word_1_224' title='bbox 179 3392 300 3474; x_wconf 83' lang='lat' dir='ltr'>quidem</span> <span class='ocrx_word' id='word_1_225' title='bbox 322 3401 351 3451; x_wconf 86' lang='lat' dir='ltr'>et</span> <span class='ocrx_word' id='word_1_226' title='bbox 375 3391 537 3450; x_wconf 87' lang='lat' dir='ltr'>clamorem</span> <span class='ocrx_word' id='word_1_227' title='bbox 559 3401 605 3449; x_wconf 90' lang='lat' dir='ltr'>tot</span> <span class='ocrx_word' id='word_1_228' title='bbox 627 3389 743 3448; x_wconf 89' lang='lat' dir='ltr'>milium</span> <span class='ocrx_word' id='word_1_229' title='bbox 766 3373 881 3450; x_wconf 79' lang='lat' dir='ltr'>nedum</span> <span class='ocrx_word' id='word_1_230' title='bbox 893 3389 1021 3474; x_wconf 89' lang='lat' dir='ltr'>impetus</span> <span class='ocrx_word' id='word_1_231' title='bbox 1050 3401 1081 3450; x_wconf 88' lang='lat' dir='ltr'>et</span> <span class='ocrx_word' id='word_1_232' title='bbox 1104 3409 1211 3462; x_wconf 84' lang='lat' dir='ltr'>manus</span> 
     </span>
     <span class='ocr_line' id='line_1_30' title="bbox 179 3497 1208 3578; baseline 0.001 -23"><span class='ocrx_word' id='word_1_233' title='bbox 179 3497 356 3578; x_wconf 83' lang='lat' dir='ltr'>perlaturos.</span> <span class='ocrx_word' id='word_1_234' title='bbox 397 3497 428 3556; x_wconf 86' lang='lat' dir='ltr'>si</span> <span class='ocrx_word' id='word_1_235' title='bbox 449 3501 549 3577; x_wconf 88' lang='lat' dir='ltr'>copias</span> <span class='ocrx_word' id='word_1_236' title='bbox 581 3497 788 3573; x_wconf 86' lang='lat' dir='ltr'>armatorum,</span> <span class='ocrx_word' id='word_1_237' title='bbox 818 3501 843 3556; x_wconf 87' lang='lat' dir='ltr'>si</span> <span class='ocrx_word' id='word_1_238' title='bbox 877 3517 979 3558; x_wconf 85' lang='lat' dir='ltr'>causas</span> <span class='ocrx_word' id='word_1_239' title='bbox 1010 3497 1081 3558; x_wconf 88' lang='lat' dir='ltr'>belli</span> <span class='ocrx_word' id='word_1_240' title='bbox 1107 3518 1208 3558; x_wconf 88' lang='lat' dir='ltr'>secum</span> 
     </span>
    </p>
   </div>
   <div class='ocr_carea' id='block_1_3' title="bbox 177 3703 448 3723">
    <p class='ocr_par' dir='ltr' id='par_1_4' title="bbox 177 3703 448 3723">
     <span class='ocr_line' id='line_1_31' title="bbox 177 3703 448 3723; baseline 0.004 -7"><span class='ocrx_word' id='word_1_241' title='bbox 177 3703 309 3723; x_wconf 59' lang='grc' dir='ltr'>ρὺ-ο-ι--ω</span> <span class='ocrx_word' id='word_1_242' title='bbox 319 3706 448 3717; x_wconf 57' lang='lat' dir='ltr'>*man-</span> 
     </span>
    </p>
   </div>
   <div class='ocr_carea' id='block_1_4' title="bbox 249 3840 965 4006">
    <p class='ocr_par' dir='ltr' id='par_1_5' title="bbox 249 3840 965 4006">
     <span class='ocr_line' id='line_1_32' title="bbox 257 3840 841 3908; baseline 0.005 -20"><span class='ocrx_word' id='word_1_243' title='bbox 257 3858 279 3905; x_wconf 86' lang='lat'>7.</span> <span class='ocrx_word' id='word_1_244' title='bbox 301 3840 475 3894; x_wconf 76' lang='lat' dir='ltr'>vicesimarv&#39;s‘</span> <span class='ocrx_word' id='word_1_245' title='bbox 495 3845 520 3896; x_wconf 89' lang='lat' dir='ltr'><strong>M</strong></span> <span class='ocrx_word' id='word_1_246' title='bbox 538 3863 545 3908; x_wconf 77' lang='lat'>3</span> <span class='ocrx_word' id='word_1_247' title='bbox 564 3845 679 3896; x_wconf 76' lang='lat' dir='ltr'>currerit</span> <span class='ocrx_word' id='word_1_248' title='bbox 698 3843 841 3894; x_wconf 71' lang='lat' dir='ltr'>Acidaliae.</span> 
     </span>
     <span class='ocr_line' id='line_1_33' title="bbox 249 3921 965 4006; baseline 0.011 -22"><span class='ocrx_word' id='word_1_249' title='bbox 249 3945 288 3984; x_wconf 47' lang='lat' dir='ltr'>ati</span> <span class='ocrx_word' id='word_1_250' title='bbox 307 3932 383 3986; x_wconf 81' lang='lat' dir='ltr'>dictu</span> <span class='ocrx_word' id='word_1_251' title='bbox 402 3935 457 3998; x_wconf 68' lang='lat' dir='ltr'>Ma,</span> <span class='ocrx_word' id='word_1_252' title='bbox 478 3921 604 4006; x_wconf 86' lang='lat' dir='ltr'>idemque</span> <span class='ocrx_word' id='word_1_253' title='bbox 625 3943 666 3994; x_wconf 76' lang='lat'>25.</span> <span class='ocrx_word' id='word_1_254' title='bbox 690 3955 739 3992; x_wconf 83' lang='lat' dir='ltr'>uec</span> <span class='ocrx_word' id='word_1_255' title='bbox 759 3945 806 4005; x_wconf 75' lang='lat' dir='ltr'>pra</span> <span class='ocrx_word' id='word_1_256' title='bbox 826 3949 869 3995; x_wconf 71' lang='grc' dir='ltr'>ηε,</span> <span class='ocrx_word' id='word_1_257' title='bbox 961 3985 965 3992; x_wconf 86' lang='grc'>.</span> 
     </span>
    </p>
   </div>
   <div class='ocr_carea' id='block_1_5' title="bbox 0 0 1454 4706">
    <p class='ocr_par' dir='ltr' id='par_1_6' title="bbox 0 0 1454 4706">
     <span class='ocr_line' id='line_1_34' title="bbox 0 0 1454 4706; baseline 0 1"><span class='ocrx_word' id='word_1_258' title='bbox 0 0 1454 4706; x_wconf 95' lang='lat' dir='ltr'> </span> 
     </span>
    </p>
   </div>
  </div>
 </body>
</html>
