2900 4724
463 329 539 390 nin.
561 327 647 390 nur.
685 327 780 394 om.
803 308 909 394 1-—2‘
1126 331 1185 394 aar

171 511 342 582 intonans
362 512 631 582 equiteeadtsterti.
669 511 783 564 Eosdem
801 527 876 578 agros
895 525 957 561 mox
975 509 1110 563 luitharii
1144 527 1189 563 oc·

169 615 287 678 capent,
311 607 358 660 sed
377 606 472 658 codem
490 606 557 662 lato.
592 605 773 660 Hermunduri
790 605 918 676 Celeique
937 607 1008 656 inter
1036 619 1065 656 se
1082 604 1191 656 bellin-

169 709 221 751 tur.
257 697 312 749 Sed
329 713 424 768 niagno
443 699 547 768 praelio
565 697 639 750 catti
654 697 688 746 ml
707 700 820 748 exitium
840 711 926 765 paene
945 700 1031 766 gentis
1051 699 1131 775 onesi.

173 779 196 792 ’ἵ
239 795 323 848 Gesta
348 795 416 846 haec
439 767 686 870 annis'quauuor,
703 795 865 864 imperatore
882 790 995 844 Claudio
1014 791 1121 844 Nerone
1140 791 1194 842 Lu·

170 889 212 940 cio
231 889 348 940 Antistio
365 889 476 951 Vetere,
502 887 607 958 Quinto
636 887 750 938 Volusio
778 886 874 939 Publio
903 886 1030 938 Cornelio
1058 886 1195 955 Scipione,
1229 895 1232 900 '

171 982 341 1051 imperatore!
353 982 470 1037 Claudio
490 981 597 1034 Nerone
615 981 714 1032 iterum
733 981 818 1034 Lucio
838 981 986 1048 Calpurnio
1011 982 1123 1042 Pisone,
1146 981 1197 1029 im·

172 1084 296 1146 peratore
314 1075 430 1132 Claudio
450 1079 559 1130 Nerone
575 1077 687 1129 tertium
705 1073 816 1130 Valerio
835 1075 949 1128 Messala
969 1074 1133 1127 consulibus.

537 1251 834 1270 W

174 1371 289 1464 Prima
314 1421 398 1462 novo
413 1401 589 1484 principatu
602 1423 682 1464 mors
696 1403 776 1462 lunii
790 1401 884 1463 Silani
905 1403 1091 1483 proconsulis
1105 1407 1205 1486 Asiae,
1214 1420 1241 1490 (a
1258 1414 1352 1485 (1.54.)

173 1510 436 1592 ignaro'Nerone,
455 1530 510 1591 per
530 1510 634 1571 dolum
663 1510 855 1592 Agrippinae
877 1519 1025 1589 paratur,
1054 1515 1205 1593 nunquia
1284 1587 1288 1599 Ι

174 1620 286 1702 ingenii
307 1605 451 1680 violentia
473 1619 597 1679 exitiu'rn
617 1621 808 1696 irritaverat,
832 1619 929 1708 segnis
949 1626 979 1678 et
1001 1613 1208 1683 dominationi·

174 1730 233 1789 hus
257 1725 323 1788 aliis
343 1723 515 1801 fastiditus,
536 1723 613 1783 adeo
635 1734 669 1783 ut
691 1726 786 1785 Gaius
808 1723 916 1782 Caesar
946 1721 1090 1802 pecudem
1120 1743 1208 1783 aure·
1275 1749 1279 1754 ·
1316 1713 1320 1722 ’

139 1836 225 1896 5am
258 1853 328 1894 eum
357 1829 510 1912 appellare
540 1830 646 1891 solitus
677 1829 724 1896 sit.
775 1827 894 1892 Verum
926 1832 1095 1912 Agrippina
1126 1829 1210 1894 lintri

177 1940 241 2014 eius
261 1937 358 1998 Lucio
382 1937 485 1996 Silano
503 1945 608 1996 neceni
631 1935 735 1995 molita
757 1935 886 1996 ultorem
908 1935 1081 2010 metuebat,
1104 1937 1211 1998 crebra

179 2045 262 2126 vulgi
280 2044 362 2106 fama
378 2045 640 2126 'anteponendum'
662 2065 725 2104 esse
758 2043 882 2105 vixdum
915 2043 1078 2125 pueritiam.
1096 2065 1212 2128 egresso

179 2150 290 2211 Neroni
311 2159 342 2210 et
361 2148 522 2231 imperium
544 2169 600 2228 per
622 2149 717 2208 scelus
731 2147 850 2228 -adepto
881 2149 983 2209 virum
1002 2160 1099 2211 aetate
1127 2173 1213 2212 corn·

180 2260 295 2338 posita,
321 2258 469 2316 insontem
507 2252 640 2315 nobilem
671 2267 719 2328 et,
752 2255 835 2336 qnod
863 2263 937 2316 tuno
966 2257 1156 2338 spectaretur
1163 2279 1213 2333 ,e

123 2375 163 2418 ¹0
180 2364 341 2426 Caesarum
362 2351 500 2444 posteris.¹
537 2361 660 2442 Quippe
681 2371 712 2422 et
735 2361 856 2422 Silanus
881 2362 944 2423 divi
972 2339 1103 2446 Augusti
1120 2365 1212 2425 ahoe·

180 2493 236 2554 pos
265 2480 343 2531 erat.
388 2455 483 2530 Haeo*
498 2487 589 2528 causa
610 2468 704 2532 necis.
745 2469 877 2542 Ministri
904 2470 989 2531 fuere
1009 2471 1136 2533 Publius
1156 2473 1214 2534 Ce-

182 2579 228 2640 ler
248 2597 338 2660 eques
359 2575 512 2637 Romanus
532 2586 564 2651 ¹et
586 2573 690 2635 Helius
711 2575 839 2636 libertus
848 2623 858 2654 ,
880 2578 924 2637 rei
944 2577 1086 2639 familiari
1106 2581 1216 2662 princi·
1245 2576 1258 2587 ''

184 2689 231 2769 pis
252 2687 284 2744 in
307 2685 380 2745 Asia
400 2684 543 2766 impositi.
595 2681 647 2742 Ab
675 2682 723 2742 his
757 2683 928 2764 proconsuli
961 2677 1109 2747 venenum
1137 2691 1216 2748 inter

185 2791 290 2876 epulas
310 2791 416 2852 datum
438 2802 482 2852 est
503 2792 636 2872 apertius
655 2811 746 2872 quam
768 2802 802 2850 ut
824 2791 973 2859 fallerent.
1023 2791 1087 2854 Nec
1117 2795 1217 2856 miuus

130 2904 170 2968 15
187 2908 354 2983 properato
376 2897 536 2956 Narcissus
556 2893 675 2956 Claudii
693 2887 839 2974 libertus,
868 2897 905 2956 de
925 2901 1008 2960 cuius
1029 2899 1132 2978 iurgiis
1162 2902 1217 2963 ad·
1304 2937 1308 2944 ·

190 3023 295 3068 versus
318 2993 514 3083 Agrippinam
541 2999 669 3078 rettuli,
693 3020 798 3082 aspera
827 2999 960 3063 custodia
983 3013 1013 3064 et
1045 3009 1218 3070 necessitate

189 3121 320 3173 extrema
343 3108 382 3166 ad
405 3118 533 3166 mortem
556 3105 674 3188 agitur,
691 3105 973 3198 ‘invitotprincipffi
1005 3111 1090 3175 cuius
1110 3111 1219 3176 abditis

191 3217 290 3280 adhuc
311 3214 389 3276 vitiis
414 3231 469 3293 per
493 3211 651 3270 avaritiam
672 3202 706 3272 a'c
728 3205 950 3294 prodigent'iam
971 3219 1046 3278 mire
1070 3235 1221 3300 congrue·
1260 3251 1266 3257 -

159 3327 255 3412 Qbat.
305 3323 470 3401 ibaturque
498 3319 528 3378 in
562 3319 690 3395 caedes,
709 3318 767 3378 nisi
799 3318 940 3382 Afranius
966 3319 1080 3396 Burrus
1101 3333 1130 3385 et
1152 3325 1220 3386 An·

129 3459 176 3502 20
194 3453 284 3495 naeus
305 3433 419 3493 Seneca
439 3429 560 3504 obuiam
580 3428 682 3487 issent.
730 3427 770 3487 Hi
792 3437 925 3488 rectores
947 3431 1155 3511 imperatoriae
1173 3435 1222 3494 iu·

193 3550 315 3612 ventae,
340 3549 370 3598 et
392 3553 497 3597 rarum
520 3535 551 3594 in
577 3532 720 3594 societate
740 3529 892 3617 potentiae
911 3537 1084 3616 concordes,
1105 3540 1222 3603 diversa

197 3707 476 3724 m

182 3811 183 3814 ¹
272 3840 313 3878 rr.
332 3821 405 3876 celer
421 3818 547 3890 Lipsius:
565 3821 682 3875 celerius
700 3817 813 3874 codices,

268 3933 310 3970 ar.
328 3926 356 3966 ec
370 3929 468 3984 parum
486 3914 517 3966 in
535 3915 667 3969 societate
682 3915 807 3984 potentia
824 3913 882 3982 M¹i
902 3913 1019 3968 correxit
1040 3917 1220 3988 'Boxlrorniuo

973 4035 1011 4103 22
