2900 4706
231 250 290 338 ‘seu
587 246 590 256 '
628 267 848 328 erasmum

79 463 109 522 (a
124 457 152 514 C.
165 437 364 526 tatoruento'
383 461 521 534 aspectu,
567 451 726 514 dilabente.
751 463 842 514 aestu.
861 453 1060 512 humanorum
1096 471 1255 530 nor-parum

224 562 337 646 effigies
367 561 507 636 relictam,
537 572 569 624 ut
599 562 739 622 Britanni
767 563 804 622 ad
837 583 937 639 spem,
971 563 1012 622 ita
1045 565 1178 621 veterani
1201 543 1253 624 'ad

226 678 342 732 matun
367 667 540 760 trahebant.
585 667 642 726 Sed
664 670 735 766 quia
758 666 863 748 procul
884 669 1046 728 Suetonius
1065 667 1182 750 oberat,
1205 689 1269 746 pe·

226 780 324 838 tivere
349 797 366 836 a
388 775 462 834 Cato
491 774 624 840 Deciano
651 785 854 854 procuratore
883 777 1036 838 auxilium.
1088 774 1141 834 Ille
1175 774 1257 836 baud

225 885 353 966 amplius
373 905 463 966 quam
486 883 677 946 ducentos
654 905 720 944 sme
741 885 825 944 iustis
845 885 937 944 armis
971 883 1069 960 misit3
1101 893 1132 942 et
1158 883 1292 943 ineratl
1274 905 1293 942 o

224 997 341 1058 modica
361 994 490 1056 militum
511 1015 628 1058 manus.
668 993 777 1054 Tutela
800 992 904 1075 templi
923 993 991 1054 freti
1002 1039 1012 1068 ,
1035 1004 1065 1052 et
1086 991 1255 1072 impedien-

224 1101 305 1162 tibus
324 1105 374 1182 qui
395 1101 704 1164 occultirebellionis
725 1104 836 1164 conscii
857 1101 981 1162 consilia
1004 1099 1182 1177 turbabant,
1206 1121 1252 1160 ne-

223 1227 283 1286 que
298 1207 407 1268 fossam
427 1221 479 1270 aut
500 1207 614 1270 vallum
636 1207 1000 1290 praeduxe1·unt,aeque
1025 1207 1113 1268 motis
1134 1207 1252 1268 senibus

222 1324 253 1374 et
273 1313 393 1378 feminis
411 1319 553 1378 iuventus
578 1318 639 1378 sola
665 1317 793 1392 restitit,
815 1316 900 1397 quasi
923 1316 1021 1376 media
1045 1337 1119 1396 pace
1141 1316 1253 1380 incauti

222 1420 417 1485 multitudiue
435 1422 639 1484 barbarorum
659 1423 953 1494 circumveniuntur.
995 1421 1038 1480 Et
1055 1399 1156 1481 cetera
1182 1423 1250 1502 qui·
1277 1442 1314 1480 ro

208 1531 292 1592 'dem
313 1533 427 1612 impetu
441 1530 561 1608 direpta
582 1541 642 1588 aut*
656 1531 777 1593 incensu
803 1539 893 1588 strat:
931 1525 1098 1609 templum,
1133 1531 1165 1588 iu
1193 1550 1252 1610 quo

222 1659 254 1703 se
281 1637 365 1698 miles
395 1637 647 1719 conglobaverat,
675 1635 769 1696 biduo
797 1635 947 1695 obsessum
983 1647 1253 1716 expugnatamque.
1306 1703 1308 1711 k

220 1746 262 1808 Et
285 1748 385 1806 victor
406 1747 571 1808 Britannus
591 1743 701 1804 Petilio
733 1741 845 1804 Ceriali
873 1741 971 1822 legato
1002 1742 1127 1830 legrouis
1157 1764 1254 1803 nonae

221 1852 254 1916 in
275 1853 442 1914 subsidium
455 1853 629 1922 adventanti
651 1850 757 1912 obvius
776 1848 856 1908 fudit
876 1848 1034 1930 legionem,
1058 1849 1182 1930 etquod
1199 1871 1252 1932 pe-

220 1959 318 2025 ditum
340 1961 496 2046 interfecit
521 1957 646 2020 Cerialis
666 1977 735 2018 cum
758 1957 910 2038 equitibus
934 1959 1027 2016 evasit
1050 1959 1078 2016 in
1102 1970 1203 2020 castra
1226 1969 1254 2018 et
1278 1969 1316 2029 15

221 2070 416 2130 munimentis
437 2043 576 2128 defensus
600 2077 655 2126 est.
700 2066 768 2141 Qua
791 2063 876 2125 clade
895 2074 925 2122 et
952 2064 1027 2127 odiis
1058 2067 1253 2146 provinciae,

219 2196 312 2258 quarn
330 2158 461 2236 avaritia
480 2173 511 2232 in
534 2156 645 2230 bellum
670 2179 790 2250 egerat,
823 2169 961 2250 trepidus
994 2182 1173 2250 procurator
1193 2173 1253 2232 Ca·

181 2274 185 2288 ’
220 2284 269 2342 'tus
290 2283 321 2341 in
338 2281 467 2340 Galliam
487 2280 616 2350 transiit.
659 2281 697 2336 At
718 2278 880 2346 Suetonius
901 2277 986 2336 mira·
1002 2280 1167 2341 constantia
1189 2271 1313 2351 ιιι-33

220 2389 287 2450 dios
308 2388 390 2448 inter
409 2387 510 2464 hostes
531 2382 714 2444 Londinium
737 2383 884 2463 perrexit,
911 2397 1110 2464 cognomento
1129 2385 1254 2468 quidem

220 2495 356 2566 coloniae
377 2485 438 2558 noia
460 2497 597 2575 insigne,
621 2493 672 2554 sed
698 2493 782 2572 copia
806 2493 1026 2572 negotiatorum
1047 2505 1076 2552 et
1097 2515 1248 2554 commea·
1269 2517 1312 2580 no

219 2615 309 2664 tuum
330 2605 458 2666 maxime
479 2601 611 2664 celebre.
642 2602 691 2674 Ibi,
707 2599 864 2682 ambiguus
885 2623 923 2660 an
945 2599 1026 2660 illam
1051 2603 1150 2662 sedem
1171 2600 1252 2662 bello

220 2709 385 2792 deligeret,
411 2713 625 2792 circumspecta
647 2709 849 2791 infrequentia
876 2709 1000 2785 militis,
1031 2711 1164 2792 satisque
1187 2731 1252 2770 ma·

198 2809 285 2900 'gnis
305 2819 492 2893 documentis
513 2821 711 2901 temeritatem
737 2818 837 2880 Petilii
857 2821 1031 2893 coercitam,
1057 2821 1147 2884 unius
1168 2819 1253 2900 oppi-

219 2923 250 2984 di
271 2924 383 2984 damuo
406 2945 530 2986 servare
553 2934 691 2986 universa
705 2925 828 2984 statuit.
881 2923 987 3006 Neque
1014 2921 1086 2984 fletu
1115 2937 1144 2986 et
1161 2925 1250 2986 lacri-

219 3033 276 3090 mis
297 3031 440 3098 auxilium
467 3034 531 3104 eius
552 3035 706 3092 orantium
725 3031 816 3100 Herus
838 3042 902 3108 est,
920 3033 998 3111 quin
1021 3026 1109 3096 daret
1131 3033 1247 3112 prosec·
1267 3041 1309 3101 25

220 3139 311 3197 tionis
332 3140 452 3218 signum
474 3148 505 3198 et
533 3142 710 3200 comitantes
741 3143 772 3204 in
800 3149 916 3220 partem
935 3139 1063 3219 agminis
1089 3140 1248 3219 acciperet.
1302 3148 1304 3151 ’

219 3244 251 3303 Si
272 3266 353 3325 quos=
368 3242 496 3304 imbellis
514 3267 598 3306 sexus
618 3257 671 3305 aut
692 3247 767 3306 fessa
788 3257 870 3307 aetas,
889 3246 937 3305 vel
958 3246 1015 3306 looi
1031 3245 1157 3306 dulcedo
1177 3250 1256 3322 atti-¹

220 3363 345 3428 nnerat,
371 3355 410 3413 ab
425 3354 512 3414 hoste
531 3353 663 3434 oppressi
684 3363 764 3416 sunt.
806 3354 921 3416 Eadem
945 3353 1055 3420 ,clades
1089 3355 1249 3436 municipio

187 3488 191 3501 ·
219 3457 397 3546 Verulamio
414 3459 489 3538 fuit,
511 3465 583 3540 quia
605 3439 728 3522 barbari
750 3464 865 3522 omissis
885 3459 1014 3522 castellis
1036 3458 1250 3541 praesidiisque

220 3565 397 3626 militarium
418 3567 498 3648 quod
518 3570 710 3629 uberrimum
730 3567 870 3650 spolianti
891 3581 921 3630 et
949 3567 1181 3628 defendentibus
1199 3568 1246 3626 in·
1268 3579 1307 3637 30

294 3723 330 3772 13.
350 3720 511 3774 britiniacus
531 3724 579 3780 Mt.
596 3725 695 3776 Petilio
714 3725 833 3792 lipsius:
855 3726 962 3778 codices
979 3728 1063 3781 Pelio,

290 3815 331 3864 30.
350 3815 483 3880 spolianti
502 3825 528 3865 ct
550 3836 611 3868 ιιιιιιι
629 3834 724 3884 segnes
743 3817 884 3877 Mercerus:
906 3817 1011 3876 codices
1028 3821 1148 3890 spoliant
1165 3827 1192 3871 el
1206 3819 1248 3873 ιἰι·

220 3906 312 3974 signes
357 3909 440 3958 Paulo
461 3920 521 3976 poet
541 3909 688 3962 caecidisse
706 3913 830 3974 Ιιιιηίιιίιιί
854 3913 900 3970 lllt.
