2862 4726
438 241 449 270 Ι
514 279 517 284 .

11 188 18 241 l

9 246 18 474 ,l
137 329 141 346 ¹
174 253 186 274 ‘
215 317 300 384 *996
650 314 874 376 ANNALlUbl

94 496 312 581 ossautqnos
334 493 472 556 Latinius
491 505 583 578 atque
610 497 724 577 Opsius
745 495 903 575 ceterique
924 492 1027 580 llagitii
1049 493 1113 554 eius
1129 505 1273 576 reperto·

233 628 281 668 res
302 606 460 681 habuere,
477 623 541 663 nou
557 581 649 664 modo
672 615 832 684 postquam
849 606 944 664 Gaius
964 605 1073 662 Caesar
1096 625 1203 664 rerum
1219 627 1274 684 po·

184 777 187 786 ,
230 718 307 774 titus
324 724 381 789 est,
404 711 457 774 sed
473 710 619 771 ineolumi
642 712 792 787 Tiberi03
814 713 868 792 qui
896 709 1045 770 scelerum
1065 712 1219 772 ministros
1241 721 1276 772 ut

229 824 366 905 perverti
387 819 427 878 ab
448 816 516 878 aliis
538 818 679 896 nolebat,
704 819 745 878 ita
765 818 946 900 plerumque
963 819 1114 890 satiatus,
1136 831 1165 880 et
1188 817 1275 878 obla-

229 932 267 990 tis
290 930 320 988 in
356 925 486 988 eandem
514 897 641 1005 operam
668 927 862 1004 recentibus,
890 937 1009 986 veteres
1035 937 1072 986 et
1091 917 1306 1008 praegrave&

229 1037 364 1098 afflixit:
386 1035 503 1096 Verum
524 1033 579 1097 has
601 1045 694 1116 atque
716 1036 790 1098 alias
810 1037 945 1096 sontium
970 1053 1082 1115 poenas
1103 1035 1136 1092 in
1156 1043 1277 1114 tempo·

228 1167 262 1206 re
280 1145 448 1206 trademus.
490 1143 572 1202 Tum
592 1143 712 1220 censuit
738 1144 864 1204 Asinius
887 1143 1016 1220 Gallus,
1050 1141 1137 1202 cuius
1159 1140 1276 1202 libero.
1378 1220 1383 1232 '

230 1276 301 1314 rum
325 1253 493 1334 Agrippina
513 1262 678 1310 matertera
702 1263 790 1329 erat,
811 1253 977 1333 petendum
1001 1273 1019 1311 a
1049 1250 1214 1330 principe,
1240 1259 1274 1308 ut

228 1369 329 1418 metus
349 1377 418 1415 suos
447 1357 566 1414 senatui
587 1355 733 1414 fateretur
750 1356 948 1438 amoverique
977 1359 1098 1419 sineret.
1148 1355 1273 1418 Nullam
1330 1358 1333 1362 ’

229 1485 326 1544 aeque
346 1441 510 1536 Tiberius,
533 1467 569 1516 ut
589 1459 732 1534 rebatur,
755 1482 790 1522 ex
812 1463 980 1524 virtutibus
1007 1469 1069 1526 suis
1089 1485 1185 1547 quam
1211 1465 1272 1526 dis·
1297 1480 1335 1522 ιο
1430 1529 1431 1532 ¹

115 1618 121 1642 ,
228 1568 453 1652 simulationem
475 1562 632 1643 diligebat.
674 1566 723 1626 Eo
752 1570 871 1648 aegrius
899 1573 1016 1650 accepit
1048 1571 1168 1634 recludi
1196 1593 1276 1654 quae

226 1687 394 1760 premeret.
438 1669 499 1732 Sed
520 1671 675 1753 mitigavit
694 1672 841 1750 Seianus,
874 1697 936 1736 non
959 1676 1042 1738 Galli
1072 1700 1200 1756 amore,
1222 1701 1276 1740 ve·

230 1809 300 1848 rum
322 1797 357 1846 ut
370 1777 587 1846 cunctationes
607 1781 757 1862 principis
783 1783 996 1864 opperiretur,
1025 1807 1138 1867 gnarus
1159 1785 1277 1846 lentum

225 1896 260 1956 in
283 1888 468 1963 meditando,
489 1887 542 1948 ubi
564 1892 767 1971 prorupisset,
789 1891 930 1954 tristibus
950 1892 1037 1954 dietis
1062 1897 1178 1954 auocia
1193 1893 1291 1954 facte·

230 2007 424 2084 eoninngere.
515 2085 517 2089 ,
558 1983 565 2025 ¹
1099 2075 1101 2078 Ι
1301 2001 1340 2062 15

315 2109 375 2167 Per
398 2105 479 2166 idem
501 2114 623 2183 tempus
647 2100 724 2162 lulia
745 2111 880 2165 mor-tem
900 2105 997 2179 obiit,
1029 2129 1122 2188 quem
1156 2119 1280 2190 neptem

231 2215 388 2295 Augustus
419 2214 590 2276 convictam
617 2209 762 2274 adulterii
793 2213 1008 2292 damnaveiat,
1050 2218 1280 2298 proieceratque

232 2326 265 2382 in
287 2321 415 2380 insulam
435 2323 631 2394 Trimerum,
652 2317 737 2380 baud
760 2321 869 2401 procul
890 2323 1002 2404 Apulis
1022 2323 1190 2402 littoribus.
1212 2325 1279 2389 lllic

233 2431 339 2510 viginti
363 2431 459 2493 annis,
471 2424 608 2486 exsilium
628 2424 794 2504 toleravit,
817 2427 974 2512 Augustae
1002 2453 1062 2512 ope
1085 2443 1276 2512 sustentata,

200 2565 207 2574 ⁴
233 2555 312 2614 qnae
331 2532 474 2594 florentes
496 2536 651 2614 privignos
670 2555 739 2594 curn
754 2556 809 2617 per
823 2536 979 2598 occultum
997 2539 1205 2619 subvertisset,
1221 2539 1279 2600 uri·
1297 2559 1338 2604 2⁰.

234 2639 432 2702 sericordinm
450 2662 523 2722 erga
538 2640 665 2700 afflictos
684 2641 786 2722 palam
804 2643 987 2703 ostentabat.

317 2751 433 2810 Eodem
455 2773 538 2810 anno
562 2751 663 2823 Frisii,
686 2751 929 2812 transrhenanus
951 2730 1085 2832 populus
1103 2775 1210 2836 paoem
1230 2753 1334 2836 ww

234 2882 325 2933 uere,
364 2869 465 2918 nostra
498 2857 594 2936 magis
626 2860 755 2916 avaritia
787 2879 879 2938 quam
909 2859 1049 2940 obsequii
1069 2861 1275 2942 impatientes.

118 3007 131 3025 .
236 2968 401 3026 Tributum
422 2967 457 3022 iis
468 2966 586 3023 Drusus
608 2967 734 3024 iusserat
754 2966 908 3050 modicum
929 2988 988 3046 pro
1003 2969 1273 3048 angustiarerum,

236 3076 321 3134 utin
345 3093 416 3130 usus
438 3070 585 3144 militares
606 3076 689 3132 coria
710 3075 803 3134 boum
837 3073 1026 3155 penderent,
1066 3099 1127 3137 non
1158 3057 1275 3161 intenta
1296 3077 1335 3137 ab

237 3185 416 3260 cuiusquam
440 3201 534 3256 cura,
566 3203 644 3261 qliae
672 3181 831 3242 firmitudo
845 3227 861 3258 ,.
885 3205 963 3263 quae
986 3205 1156 3260 mensura,
1178 3187 1277 3249 donec

238 3289 388 3352 Olennius
409 3309 426 3346 e
446 3287 687 3368 primipilaribus
708 3290 846 3368 regendis
874 3289 979 3350 Frisiis
1015 3293 1174 3370 impositus
1196 3306 1277 3375 terga

238 3418 362 3458 urorum
381 3395 514 3478 delegit,
536 3417 670 3477 quorum
695 3397 734 3455 ad
752 3395 885 3455 formam
904 3399 1125 3476 acciperentur.
1155 3401 1191 3458 ld
1212 3399 1279 3460 aliis

238 3525 360 3585 quoque
384 3503 558 3562 nationibus
580 3502 738 3580 arduum,
759 3503 839 3584 apud
860 3505 1030 3563 Germanos
1053 3505 1208 3567 difficilius
1228 3521 1278 3568 to·

240 3611 414 3686 lernbntnr,
436 3611 501 3691 quis
523 3611 690 3690 ingentium
712 3605 884 3665 belluarum
905 3607 1152 3690 feraces-saltus,
1182 3615 1279 3672 modi·
1302 3621 1341 3680 30
1422 3579 1425 3596 l

192 3703 196 3710 ¹
240 3717 377 3782 cadomi
399 3727 535 3778 armenta
557 3724 638 3776 sunt.
670 3715 716 3775 Ae
737 3717 836 3794 primo
861 3715 953 3773 boves
975 3717 1062 3797 ipsos,
1090 3743 1156 3781 mox
1178 3743 1280 3804 agros,

318 3925 357 3981 13.
375 3927 554 3992 aperirentur
575 3923 615 3972 u:
638 3924 814 3992 opperiretur
832 3923 962 3976 Muretus.
