2900 4706
453 365 524 427 nn.
546 363 629 428 xiv.
651 363 737 424 cir.
759 368 888 432 ia-aa.
980 394 983 403 s
1013 401 1016 409 =
1120 335 1180 428 aaa

151 545 231 625 'quod
249 557 393 628 perpetua
414 546 500 608 seiles
520 546 640 608 theatro
660 545 756 606 locata
778 547 816 606 sit
838 547 1037 626 potiusquam
1054 546 1211 608 immun-ta
1224 547 1251 598 C.
1269 548 1325 616 6ο.)
1347 617 1350 624 ,
1412 609 1414 622 Λ

150 675 183 713 so
204 666 321 734 sumptu
333 640 466 735 singulos
483 674 642 734 peraunos
654 661 848 734 consurgeret
867 673 903 711 ae
921 663 1096 716 strueretur.
1119 652 1181 710 Nec

97 761 99 766 ’
150 761 278 838 perinde
293 765 481 841 magistratus
498 782 562 819 rem
574 759 756 825 familiarem
777 759 985 840 exhausturus,
1005 768 1056 816 aut
1071 759 1181 838 populo

151 867 328 947 efflagitandi
354 871 470 927 Graeca
494 869 661 927 certamina
681 889 699 926 a
720 867 940 949 magistratibus
964 887 1084 926 causum
1104 866 1178 941 lbra,

119 969 136 1026 5
156 997 223 1034 cuni
244 987 413 1056 eosumptu
437 977 626 1057 respublica
647 977 799 1057 fungatur.
843 978 1007 1036 Oratorum
1025 967 1059 1034 ac
1080 987 1180 1035 vatum

151 1081 291 1142 victorias
313 1085 542 1144 incitamentum
564 1085 691 1166 ingeniis
710 1083 866 1158 allaturast
893 1106 948 1146 nec
970 1086 1109 1166 cuiquam
1133 1083 1180 1144 iu-

149 1187 324 1269 diriguere
360 1211 445 1250 aures
464 1193 570 1251 studiis
586 1193 719 1268 'honestis
741 1204 771 1252 et
802 1192 1005 1272 voluptatibus
1034 1193 1179 1253 concessis

150 1297 311 1378 impartire.
356 1300 502 1358 Laetitiae
530 1302 623 1380 magis
642 1321 734 1381 quam
759 1298 897 1358 lasciviae
918 1302 982 1358 tlari
1004 1323 1113 1380 paitcos
1132 1311 1179 1360 to·

149 1403 210 1463 tius
227 1405 431 1484 quinquennii
453 1414 563 1477 noctes,
587 1403 698 1484 quibus
717 1410 802 1464 tanta
823 1401 890 1462 luce
913 1405 1026 1482 ignium
1049 1407 1122 1464 nihil
1145 1406 1181 1464 il·

16 1539 17 1544 κ
96 1509 268 1568 inlicitum
290 1509 434 1569 occultari
457 1520 561 1590 queat.
603 1509 683 1650 Spne
706 1507 792 1568 nullo
811 1511 922 1592 insigni
937 1510 1180 1570 deltonestameu·
1276 1575 1279 1578 ,

581 1615 612 1674 it.

115 1690 118 1698 A
150 1627 182 1677 to
207 1615 238 1676 id
260 1613 464 1698 spectaculum
485 1616 580 1690 transi
656 1617 698 1674 Ac
730 1636 771 1675 ne
792 1616 909 1675 modica
936 1617 1056 1695 quidem
1082 1617 1180 1676 studio
1246 1637 1247 1644 ¹

149 1723 245 1808 plebis
269 1743 424 1800 exarsere,
445 1725 516 1804 quia
538 1721 647 1781 redditi
672 1743 848 1804 ⁴quanquam
871 1743 975 1782 scenae
1005 1726 1180 1803 pantomimi

150 1833 366 1896 certaminibus
398 1834 492 1891 sacris
526 1829 783 1911 prohibebantur.
839 1830 1039 1911 Eloquentiae
1072 1831 1182 1908 primas

150 1959 240 2000 nemo
271 1937 364 2008 tulit,
410 1935 462 1995 sed
492 1935 636 1996 victorem
664 1956 726 1996 esse
754 1934 911 1995 Caesarem
940 1939 1180 2016 pronuntiatum.

95 2038 431 2118 15Graecian1ictus,
461 2044 529 2126 quis
557 2065 613 2126 per
642 2065 693 2105 eos
722 2043 785 2106 dies
818 2043 957 2128 pleriqw.
979 2046 1180 2154 incesserant,
1223 2093 1225 2102 ,

149 2160 215 2210 tum
241 2150 441 2212 exoleverant.

88 2249 148 2332 W
233 2259 316 2318 lnter
338 2279 417 2340 quae
435 2271 464 2320 et
486 2259 568 2320 sidus
587 2271 716 2320 cometes
737 2259 858 2338 effulsit,
879 2259 997 2342 dequo
1016 2261 1098 2344 vulgi
1114 2239 1179 2344 opi-

149 2362 200 2424 nio
222 2375 265 2425 est
285 2375 432 2447 tanquam
455 2366 652 2428 mutationem
673 2372 753 2449 regis
774 2367 944 2447 portendat.
987 2369 1084 2449 Igitur
1102 2391 1178 2450 qua.

149 2471 175 2531 si
198 2473 254 2531 iam
277 2471 403 2551 depulso
427 2471 567 2548 Nerone,
597 2473 736 2552 quisnam
767 2471 951 2551 deligeretur
970 2473 1178 2552 anquirebant.

91 2599 130 2641 ao
150 2576 190 2636 Et
213 2577 349 2636 omnium
371 2595 422 2634 ore
443 2573 600 2636 Rubellius
620 2577 747 2636 Plautus
769 2576 950 2648 celebratur,
967 2577 1015 2636 cui
1039 2577 1180 2638 nobilitas

149 2707 204 2768 per
220 2695 346 2745 matrem
376 2705 408 2742 ex
431 2683 506 2742 lulia
529 2682 653 2748 familia.
706 2683 775 2762 lpse
797 2683 906 2763 placita
932 2672 1078 2742 maiorum
1099 2684 1180 2745 cole-

148 2795 223 2872 bat,
245 2789 353 2852 habitu
380 2811 507 2862 severo,
545 2800 627 2850 casta
654 2801 684 2850 et
714 2801 829 2850 secreta
860 2789 974 2867 domo,
1003 2797 1179 2872 quantoque

131 2909 233 2960 netu
254 2898 420 2972 occultior,
446 2907 532 2958 tanto
552 2897 620 2978 plus
639 2897 735 2957 famae
755 2897 891 2978 adeptus.
914 2897 1006 2958 Auxit
1025 2919 1178 2960 rumorem

149 2987 371 3090 pari¹vanitate
392 2985 459 3074 orta
489 3008 697 3087 interpretatio
725 3006 862 3088 fulguris.
908 3008 986 3067 Nam
1014 3007 1085 3091 quia
1116 3007 1178 3070 dis·

91 3115 131 3176 25
150 3112 319 3176 cumbentis
340 3111 467 3171 Neronis
486 3109 568 3192 apud
588 3110 764 3174 Simbruina
785 3125 907 3196 stagna,
939 3115 989 3178 cui
1008 3113 1177 3196 Sublaque⁴
1265 3171 1268 3178 .

85 3254 92 3266 ·
150 3239 204 3278 um
224 3239 334 3280 nomen
356 3227 420 3296 est,
442 3220 518 3278 ictae
538 3219 631 3300 dapes
649 3240 810 3302 mensaque
829 3222 948 3282 disiecta
978 3232 1065 3295 erat,
1087 3223 1177 3302 idque

150 3321 261 3382 finibus
281 3323 446 3384 Tiburtum
477 3323 647 3402 acciderat,
677 3325 758 3385 unde
784 3335 907 3407 paterna
936 3329 1044 3387 Plauto
1074 3332 1177 3409 origo,

102 3485 107 3492 .
149 3427 232 3488 bunc
249 3425 335 3488 illum
354 3432 478 3490 numine
492 3429 581 3490 deum
600 3430 741 3512 destinari
754 3431 926 3492 credebant.
959 3433 1176 3518 Fovebantque

151 3534 267 3610 multi,
286 3536 492 3616 quibusuova
511 3545 543 3598 et
568 3537 711 3620 ancipitia
742 3540 917 3626 praecolere
938 3542 1026 3602 avida
1060 3554 1089 3603 ct
1109 3543 1175 3624 ple-

243 3821 263 3854 r.
285 3803 368 3853 totius
386 3803 508 3870 Lipsius:
528 3805 633 3858 codices
650 3805 749 3874 potins.
786 3785 858 3876 lpsra
880 3823 917 3858 ιι.
936 3807 1037 3865 transit
1054 3807 1102 3857 lb.

225 3899 261 3949 15.
282 3897 345 3970 quis
380 3893 548 3948 Groslotius:
569 3917 623 3968 quo
643 3898 734 3950 nette
774 3903 810 3956 ¹8.
831 3901 923 3968 regnis
942 3900 1088 3960 [lenticius.

221 3987 263 4054 al.
281 3984 485 4056 interpretatio]
507 3985 591 4046 intrti.
612 4000 637 4040 et
656 3987 729 4040 actio
748 3987 797 4040 Mu.
