2862 4730
407 251 408 256 Ν
471 299 609 360 mnu.
654 299 741 367 om.
766 305 878 368 s-rr.
1085 338 1088 347 f
1160 304 1199 370 rs
1269 367 1272 374 .

102 473 118 550 1
135 473 327 552 inseruisset.
369 483 500 544 Postero
521 481 571 544 die
593 483 818 562 Germanorum
837 483 915 545 ecies
934 493 1021 546 trans
1044 483 1200 568 Visurgim
1213 489 1241 563 (a
1253 491 1283 547 c.
1295 489 1348 560 16.)

160 595 252 656 stetit.
295 593 411 653 Cacsar
424 635 433 668 ,
447 591 516 651 'nisi
540 592 684 672 pontibus
702 587 919 677 praesidiisque
938 593 1100 676 impositis,
1124 591 1201 658 dare
1251 618 1253 623 ·

160 701 191 762 in
215 700 385 762 discrimen
399 699 534 786 legiones
555 700 638 762 haud
663 701 894 784 imperatorium
927 714 1036 779 ratus,
1068 685 1202 788 equitem

158 808 240 870 vado
257 805 406 870 tramittit.
454 807 620 870 Praeluere
639 811 801 872 Stertinius
821 821 852 900 et
872 833 889 874 e
910 831 1038 872 numero
1060 810 1201 892 primipi-

121 915 270 982 5larium
291 914 462 993 Aemilius,
491 916 675 980 distantibus
697 917 772 980 locis
794 919 927 997 invecti,
956 929 991 978 ut
1011 919 1129 979 hostem
1153 918 1203 978 di·

125 1036 127 1040 ’
158 1023 318 1087 ducerent.
372 1027 442 1104 Qua
464 1025 644 1092 celerrimus
667 1029 782 1102 amnis,
802 1027 1005 1100 Chariovalda
1029 1027 1090 1088 dux
1111 1028 1204 1089 Bate·

66 1165 71 1176 ·
159 1153 270 1192 vorum
295 1133 405 1216 erupit.
455 1135 537 1198 Eum
559 1133 704 1226 Cherusci
725 1135 1026 1240 fugamssimulantes
1046 1137 1077 1197 in
1104 1115 1203 1218 pleni·

156 1241 229 1300 tiem
250 1241 376 1304 saltibus
399 1245 627 1306 circumiectam
644 1255 783 1308 traxere:
805 1244 877 1308 dein
899 1245 997 1306 coorti
1015 1244 1201 1326 etundique

158 1348 245 1414 effusi
267 1342 399 1412 trudunt
427 1348 584 1426 adversos,
615 1352 732 1412 instant
762 1351 964 1430 cedentibus,
995 1349 1201 1432 collectosque

113 1476 150 1516 ro
161 1456 192 1516 in
212 1457 319 1519 orbem
338 1479 410 1539 pars
428 1461 599 1541 congressi,
621 1458 746 1540 quidam
764 1457 887 1520 eminus
899 1457 1090 1541 proturbant.
1121 1458 1201 1519 Cha-

159 1565 300 1628 r'iovaldn
314 1565 376 1628 diu
396 1577 563 1629 sustentata
582 1565 715 1628 hostium
738 1567 879 1644 saevitia,
899 1565 1042 1626 hortatus
1062 1587 1144 1644 suos,
1168 1577 1203 1628 ut
1300 1568 1302 1576 ’

159 1672 340 1754 ingruentes
360 1683 497 1734 catervas
516 1671 608 1755 globo
629 1673 828 1754 frangerent,
863 1683 953 1754 atque
978 1675 1043 1754 ipse
1071 1673 1103 1740 in
1127 1674 1203 1734 den·

158 1781 291 1842 sissimos
313 1781 506 1862 irrumpens,
529 1781 681 1863 congestis
702 1779 769 1842 telis
790 1791 820 1840 et
840 1779 968 1842 suffosso
982 1803 1061 1864 equo
1074 1780 1200 1858 labitur,

159 1909 197 1950 ac
217 1887 306 1949 multi
328 1889 478 1950 nobilium
499 1891 603 1980 circas·
629 1899 744 1950 ceterus
775 1890 820 1949 vis
848 1909 901 1949 suc
923 1898 976 1948 aut
998 1890 1111 1970 equites
1133 1912 1204 1954 cum
1282 1909 1290 1924 ’

103 1981 310 2076 125ῐοτῑῐηίο
329 1997 519 2080 Aemilioque
540 1996 754 2060 subvenientes
774 1997 909 2080 periculo
930 2017 1080 2060 exemere.
1124 1997 1204 2060 Cae·
1228 2029 1230 2032 ·

79 2149 82 2153 -
157 2128 209 2168 sar
228 2114 435 2189 transgressus
457 2106 615 2191 Visurgim
635 2108 746 2170 iudicio
777 2108 925 2195 perfugus
956 2108 1114 2192 cognoscit
1148 2105 1205 2170 de·

157 2215 270 2276 lectirm
293 2217 331 2278 ab
348 2217 486 2278 Arminio
507 2215 608 2278 locum
629 2239 770 2300 pugnae3
804 2218 984 2280 convenisse
1005 2228 1035 2280 et
1053 2216 1127 2279 alins
1147 2239 1204 2278 ns·
1259 2263 1261 2268 -

55 2341 59 2344 ·
157 2325 259 2384 tiones
279 2323 311 2384 iu
332 2323 444 2398 silvam=
474 2323 604 2388 Herculi
636 2321 769 2404 sacrarit,
805 2342 992 2408 ausurosque
1020 2338 1204 2388 nocturnum
1287 2405 1298 2420 q

144 2441 329 2498 ,castrorum
349 2434 616 2516 oppugnationem.
660 2433 773 2496 Habita
794 2433 887 2496 indici
909 2435 1004 2510 fides,
1039 2445 1070 2496 et
1098 2457 1203 2498 cerne·

70 2579 73 2583 -
111 2541 275 2606 nohuutur
295 2539 399 2624 ignes3
423 2541 633 2624 suggressique
654 2541 781 2625 propius
790 2541 1012 2626 speculatores,
1031 2543 1130 2604 audiri
1142 2545 1204 2606 sre-
1265 2529 1269 2540 ¹

121 2655 124 2663 '
158 2653 268 2712 mitum
291 2669 442 2732 equorum
464 2650 664 2732 immensique
685 2661 715 2712 et
735 2651 885 2712 inconditi
907 2653 1035 2732 agminis
1063 2675 1218 2738 murmur¹

159 2753 302 2818 attulere.
362 2756 458 2844 lgitur
489 2759 661 2840 propinquo
679 2777 816 2818 summae
837 2759 883 2818 rei
905 2758 1078 2818 discrimine
1098 2759 1202 2839 explo-

158 2865 271 2926 randos
291 2864 423 2928 militum
447 2865 566 2928 animos
589 2875 693 2942 retus,
713 2885 848 2948 quonam
870 2864 900 2926 id
926 2863 1016 2926 modo
1038 2866 1203 2946 incorrupr

158 2981 225 3036 tum'
247 2975 327 3036 foret
347 2955 450 3034 secum
470 2974 616 3057 agitabat.
673 2973 830 3036 Tribunos
859 2984 888 3036 et
909 2973 1102 3036 centuriones
1123 2972 1203 3038 laeta
1250 3021 1252 3026 .

113 3081 395 3168 ubsuepiusqunm
419 3095 575 3166 comperta
594 3085 761 3163 nuntiarc3
784 3083 1203 3168 libertorumserviliainge·

159 3196 235 3274 uia3
271 3174 375 3254 amicis
396 3192 495 3254 inesse
523 3190 751 3272 adulationem
787 3193 812 3256 si
833 3197 939 3256 concio
960 3203 1109 3266 vocetur,
1139 3191 1204 3253 illic

160 3321 283 3382 quoquc
301 3319 381 3382 quae
401 3301 491 3380 pauci
511 3299 659 3384 incipiant
680 3299 815 3384 reliquos
843 3295 1026 3384 adstrepere.
1077 3300 1203 3362 Penitus

249 3569 274 3638 4.
291 3569 502 3640 primilliarium
523 3569 560 3622 Μ.
695 3638 698 3648 .

246 3663 274 3720 5.
295 3661 461 3718 deducerent
481 3665 525 3718 M:
545 3662 708 3724 diducereut
727 3663 880 3718 Rhenanus.

248 3761 276 3816 8.
290 3759 507 3834 circumiectam]
529 3761 732 3816 circumtectam
753 3763 808 3835 Μ
879 3828 881 3832 ¹
1216 3824 1223 3842 .

235 3853 447 3928 infringerent
465 3869 549 3929 atque
569 3854 892 3930 persuasissimum,
920 3846 995 3934 prius
1019 3855 1115 3910 vitium
1142 3873 1199 3908 sus·

164 3951 228 4006 tulit
245 3951 369 4020 Lipsius,
389 3953 508 4006 alterum
528 3951 696 4006 Beroaldus.-
