2862 4726
465 291 539 352 nm.
562 287 620 352 vr.
667 291 752 352 ene.
775 284 909 359 act-st.
1157 293 1241 372 2612

118 475 299 552 3sseessere.
344 472 414 532 Mox
431 470 604 532 Artabanus
625 481 689 530 tota
715 473 795 531 mole
827 473 912 552 regni
942 469 1040 532 ultum
1063 471 1105 537 iit.
1159 469 1365 552 Per-(2035.)

165 579 240 641 ritia
262 579 399 640 locorum
416 578 455 638 ab
469 577 588 640 Hiberis
604 579 711 640 melius
732 580 911 662 pugnatum.
935 579 1002 640 Nec
1026 577 1096 638 ideo
1113 579 1218 638 absce-

172 687 283 761 debat,
308 687 338 744 ni
355 685 523 748 contractis
552 686 720 766 legionibus
767 683 932 763 Vitellius,
960 695 991 744 et
1021 685 1146 746 subdito
1168 705 1221 746 ru·
1301 712 1303 721 ¹

174 816 281 864 more,
307 807 452 878 tanquam
478 798 728 877 Mesopotamiam
751 789 936 870 invasurus,
953 805 1068 856 metum
1089 795 1220 854 Romani

136 902 247 985 Sbelli
270 902 397 966 fecisset.
440 904 520 976 ¹Tum
555 903 665 963 omissa
704 905 849 964 Armenia
878 924 1042 985 versaeque
1068 903 1221 977 Artabani

96 1068 99 1081 ,
173 1033 244 1090 res,
269 1013 409 1074 illiciente
441 1011 587 1090 Vitellio,
620 1013 793 1073 desererent
822 1035 923 1095 regem
944 1035 1070 1074 saevum
1104 1011 1137 1071 in
1166 1033 1220 1094 pa·

173 1145 208 1182 ce
229 1121 409 1210 ettadversis
425 1121 607 1203 praeliorum
629 1123 799 1184 exitiosum.
828 1123 926 1204 Igitur
941 1123 1099 1198 SinnaceS,
1124 1143 1219 1203 qutun

174 1241 262 1290 antea
284 1229 437 1290 infensum
457 1233 636 1310 memoravi,
660 1243 780 1311 patrem
806 1230 987 1314 Abdogesen
1014 1230 1150 1312 aliosque
1165 1252 1219 1289 oc-

173 1337 270 1412 cultos
291 1317 435 1410 consilii,
454 1348 484 1396 et
502 1348 576 1397 tunc
597 1339 751 1396 continuis
772 1337 911 1399 cladibus
933 1341 1153 1418 promptiores,
1180 1337 1219 1398 ad

117 1467 152 1506 ro
173 1443 375 1508 desectionem
398 1446 516 1525 trahit,
546 1447 741 1506 affluentibus
762 1443 908 1526 paulatini
937 1447 991 1527 qui
1015 1457 1097 1506 metu
1124 1451 1219 1528 magis
1252 1465 1255 1473 ·

171 1571 261 1638 quam
298 1555 507 1616 benivolentia
544 1553 673 1614 subiecti
710 1555 838 1632 repertis
870 1551 1047 1624 auctoribus
1084 1555 1218 1614 sustule—
1288 1555 1292 1563 '

109 1651 116 1658 ’
172 1674 245 1724 rant
266 1665 411 1729 animum.
455 1663 518 1723 Nec
539 1665 600 1722 iam
625 1660 708 1722 aliud
731 1661 894 1722 Artabano
928 1652 1106 1742 reliquum,
1125 1683 1221 1742 quam
1280 1657 1282 1664 '

170 1773 194 1830 si
218 1773 270 1850 qui
287 1758 488 1829 ¹externorum
511 1769 636 1850 corpori
658 1767 801 1830 custodes
822 1767 978 1844 aderant,
1001 1771 1060 1828 suis
1090 1773 1220 1850 quisque

170 1878 293 1952 sedibus
311 1883 471 1956 extorres,
493 1879 561 1960 quis
593 1899 691 1959 neque
719 1876 794 1938 boni
823 1875 998 1938 intellectus
1022 1898 1121 1959 neque
1145 1877 1220 1942 mali

113 1971 151 2074 ll
171 1981 266 2059 cura,
289 1985 340 2046 sed
369 1985 507 2046 mercede
540 1985 668 2046 aluntur
698 1987 833 2047 ministri
865 1985 1037 2046 sceleribus.
1081 1988 1137 2047 His
1167 2009 1216 2047 os·

171 2097 297 2178 sumptis
316 2097 347 2154 iu
367 2095 534 2178 longinqua
557 2105 587 2155 et
606 2097 798 2156 contermina
821 2095 964 2178 Scythiae
991 2097 1092 2176 fugam
1114 2107 1215 2156 matu-

169 2204 270 2280 ravit,
292 2223 345 2284 spe
362 2201 487 2282 auxilii,
513 2205 585 2284 quia
608 2201 760 2284 Hyrcanis
783 2202 1088 2282 Carmaniisqueper
1114 2195 1213 2262 affini-

167 2321 261 2369 tatem
282 2311 411 2372 innexus
426 2321 492 2370 erat
507 2308 527 2370 r
540 2319 633 2392 atque
644 2315 647 2322 ‘
658 2311 783 2370 interim
816 2331 903 2392 posse
921 2307 1052 2372 Parthos
1082 2309 1215 2372 absenti·

167 2411 217 2478 uui
241 2439 370 2500 aeques,
395 2418 604 2500 praesentibus
624 2418 776 2500 mobiles,
799 2419 838 2478 ad
853 2419 1067 2500 paenitentiam
1092 2417 1212 2482 mutari.
1268 2483 1296 2506 Ι,

109 2510 209 2588 37tt
228 2527 371 2587 Vitellius
385 2527 521 2608 *profugo
550 2525 710 2587 Artabano
731 2537 771 2586 ¹et
793 2526 876 2587 flexis
896 2527 935 2588 ad
962 2549 1077 2589 novum
1107 2549 1215 2610 regem

166 2634 358 2716 popularium
388 2636 518 2711 animis,
539 2633 676 2694 hortatus
709 2632 867 2696 Tiridaten
897 2627 1013 2714 palata*
1034 2656 1210 2717 capessere,
1271 2663 1273 2668 ‘

166 2745 263 2804 robur
283 2743 436 2828 legionum
472 2745 686 2824 sociorumque
719 2743 819 2824 ripam
849 2743 887 2804 ad
915 2743 1081 2824 Euphratis
1113 2743 1210 2804 ducit.

165 2853 428 2926 sacrificantibus,
450 2871 521 2914 eum
539 2849 589 2910 hic
611 2853 697 2910 rn'ore
714 2849 851 2910 Romano
871 2849 1088 2910 suovetaurilia
1109 2851 1213 2927 daret,

164 2959 353 3040 illeequum
374 2958 521 3040 placando
542 2961 630 3018 amni
649 2959 850 3034 adornasset,
883 2959 1063 3020 nuntiavere
1088 2959 1208 3021 accolae

106 3063 146 3124 25
164 3068 343 3148 Euphraten
363 3065 449 3126 nulla
473 3065 617 3126 imbrium
636 3069 665 3126 vi
688 3077 793 3146 sponte
817 3077 847 3126 et
876 3067 1056 3128 immensum
1093 3070 1205 3146 att-oli,

163 3174 252 3235 simul
272 3174 445 3234 albentibus
466 3176 581 3268 spumis
602 3176 633 3234 in
654 3175 779 3235 modum
799 3168 976 3236 diadematis
1008 3179 1129 3239 sinuare
1151 3201 1206 3238 or-

163 3283 238 3357 bes,
272 3285 439 3364 auspicium
460 3285 612 3366 prosperi
638 3295 853 3364 transgressus.
894 3264 1037 3362 *Quidam
1067 3267 1208 3346 callidius

162 3393 464 3473 interpretabantur,
492 3395 577 3452 initia
606 3404 733 3454 conatus
754 3393 885 3454 secunda
915 3414 1021 3474 neque
1036 3392 1207 3473 diuturna,

163 3499 235 3578 quia
248 3519 352 3558 eorum
375 3523 453 3582 quae
470 3512 551 3560 terra
572 3501 695 3562 caelove
710 3503 971 3580 portenderentur
988 3505 1100 3562 certior
1119 3501 1205 3580 fides,
1238 3501 1240 3511 '

103 3603 143 3664 30
163 3606 325 3668 llurninum
347 3610 494 3671 instabilis
514 3620 624 3670 natura
644 3609 735 3671 simul
755 3611 931 3672 ostenderet
942 3612 1044 3671 omina
1071 3621 1204 3695 raperch·

449 3718 453 3742 t

164 3771 450 3784 ...m

257 3849 387 3908 n'otrimi
405 3855 436 3908 id
453 3859 497 3909 M:
517 3859 604 3911 ultum
624 3861 657 3910 iit
679 3858 794 3925 Lipsius.
874 3913 878 3921 ,

247 3970 263 4022 9
291 3953 407 4006 consilii
424 3954 559 4008 Faernus:
583 3957 696 4010 consilit
716 3957 752 4010 M.
