2826 4730
218 309 286 374 1981
621 301 849 366 ANNALIUM

66 501 139 566 (ac
158 509 249 568 mac
276 507 396 588 magua
410 507 479 568 pars
510 485 615 576 populi
647 489 727 548 viam
761 432 970 569 complevere,
1005 487 1121 548 disiecti
1152 497 1183 550 et
1217 494 1252 550 nt

177 659 179 663 ,
213 601 323 678 cuique
354 555 475 656 libitum
504 595 621 655 [lentes.
663 595 779 656 Aberat
809 572 921 678 quippe
953 593 1111 682 adulatio,
1149 597 1276 686 gnaris

213 703 354 764 omnibus
376 703 497 763 laetam·
516 705 642 766 Tiberio
659 706 832 764 Germanici
852 713 985 763 mortem
999 703 1078 763 male
1107 703 1252 764 dissimu-

212 809 282 874 lari.
325 810 467 871 Tiberius
481 822 579 893 ¹atque
603 813 743 894 Augusta
765 809 891 892 publico
913 811 1097 886 abstinuere,
1122 811 1278 895 inferiusg

208 919 367 978 maiestate
386 940 440 983 sua
460 921 545 994 rati,
569 921 594 980 si
618 921 717 1000 palam
739 919 1002 990 lamentarentur,
1026 939 1065 978 an
1092 936 1131 978 ne
1151 919 1286 984 omui-5
1338 961 1341 968 .

214 1047 266 1084 um
288 1026 383 1087 oculis
403 1026 525 1089 vultum
545 1049 651 1088 eorum
676 1027 882 1087 scrutantibus
900 1025 967 1086 falsi
988 1026 1250 1108 intellegerentur.

212 1135 344 1194 Matrem
365 1137 528 1194 Antoniam
550 1155 612 1196 nou
645 1133 726 1216 apud
744 1131 886 1194 'auctores
906 1155 1029 1208 rernm,
1056 1153 1119 1192 non·
1140 1133 1254 1194 diurna

213 1249 354 1302 actorum
373 1243 522 1322 scriptura
542 1233 663 1320 reperio
684 1238 748 1300 ullo
762 1235 870 1318 insigni
885 1233 992 1299 'officio
1011 1239 1161 1320 functam,
1183 1259 1254 1301 cum

215 1369 305 1428 super
335 1350 538 1444 Agpippinam
558 1358 589 1408 et
607 1349 743 1408 Drusum
771 1357 803 1408 et
824 1346 988 1407 Claudium
1017 1349 1109 1408 ceteri
1129 1369 1251 1430 quoque
1293 1345 1295 1352 ’

214 1458 430 1539 consanguinei
446 1454 626 1518 nominatim
646 1457 801 1537 perscripti
819 1457 889 1534 sint,
910 1477 963 1516 seu
973 1454 1142 1516 valitudine
1162 1477 1250 1538 prae-
1277 1480 1311 1520 ro

212 1565 414 1648 pedicbatur,
449 1585 504 1626 seu
525 1566 623 1625 victus
646 1565 731 1624 luctu
758 1563 877 1624 animus
901 1563 1141 1644 magnitudinem
1180 1561 1255 1624 mali

214 1674 350 1756 perferre
370 1675 437 1734 visu
465 1695 527 1732 non
560 1671 716 1736 toleravit.
761 1671 892 1732 Facilius
927 1671 1111 1732 crediderim
1129 1670 1255 1734 Tiberio

215 1793 245 1844 et
278 1784 437 1864 Augusta,
461 1784 514 1864 qui
551 1781 642 1842 domo
674 1801 737 1841 non
760 1780 967 1854 excedebant,
998 1781 1187 1859 cohibitam,
1220 1790 1255 1840 ut

145 1864 146 1882 .
198 1913 273 1981 ,par
296 1911 438 1966 maeror,
459 1899 491 1950 et
511 1891 617 1950 matris
639 1888 775 1968 exemplo
808 1891 874 1950 avia
909 1909 1030 1970 quoque
1065 1897 1097 1950 et
1128 1899 1255 1970 patruus

216 2001 338 2060 attineri
360 1996 549 2060 viderentur.
594 1995 689 2070 Dies,
720 2013 781 2074 quo
807 1991 953 2073 reliquiae
980 1993 1098 2054 tumulo
1127 1993 1281 2075 Angustilp

215 2105 451 2180 inferebantur,
470 2102 563 2163 modo
585 2121 642 2182 per
669 2097 821 2160 silentium
850 2109 972 2176 vastus,
1006 2101 1104 2160 modo'
1125 2099 1280 2183 ploranti-x

131 2252 133 2274 r
190 2212 274 2282 ,bus
293 2212 429 2292 inquies3
458 2209 547 2292 plena
568 2188 655 2268 urbis
677 2207 807 2282 itinera,
829 2207 1014 2269 collucentes
1035 2230 1090 2290 per
1112 2231 1256 2294 campum

215 2322 322 2397 Martis
343 2319 434 2379 faces.
479 2317 543 2378 lllie
563 2315 649 2378 miles
670 2337 741 2378 cum
769 2319 883 2394 armis,
905 2319 968 2378 sine
1003 2317 1170 2400 insignibus
1190 2339 1256 2378 ma-

217 2427 367 2507 gistratus,
388 2422 518 2508 populus
539 2445 593 2506 per
614 2422 716 2483 tribus
731 2423 894 2484 concidisse
909 2425 1152 2506 rempublicam,
1176 2425 1256 2488 nihil

152 2603 156 2618 ι
216 2534 280 2615 spei
315 2533 468 2616 reliquum
504 2530 719 2604 clamitabant,
754 2533 905 2614 pomptius
927 2533 1132 2615 apertiusque,
1161 2557 1255 2618 quam
1273 2535 1310 2598 2'o

217 2655 252 2703 ut
274 2643 443 2702 meminisse
463 2640 705 2723 imperitantium
726 2638 879 2702 crederes.
919 2641 1006 2718 ,Nihil
1037 2622 1139 2702 tamen
1159 2643 1274 2706 Tibe-,

216 2755 297 2812 rium
321 2753 415 2832 magis
435 2751 608 2831 penetravit
629 2771 721 2832 quam
749 2750 848 2810 studia
880 2749 1040 2810 hominum
1070 2771 1198 2812 accensa
1223 2753 1256 2814 iu

217 2863 429 2944 Agrippinam,
451 2837 521 2920 cuni
541 2859 630 2920 decus
652 2861 780 2939 patriae,
803 2857 901 2920 solum
917 2858 1047 2941 Augusti
1061 2862 1254 2943 sanguinem,

217 2969 344 3030 unicum
365 2969 556 3048 antiquitatis
577 2969 731 3048 specimen
754 2967 950 3049 appellarent,
975 2971 1115 3050 versique
1132 2967 1255 3038 adcae-

196 3083 202 3093 '
217 3076 282 3138 lum
305 3099 339 3138 ac
361 3077 432 3137 deos
443 3079 593 3158 integram
604 3074 648 3136 illi
660 3076 797 3138 subolem
822 3099 855 3138 ac
868 3079 1061 3160 superstitem
1073 3077 1250 3160 iniquorum
1272 3075 1308 3142 25

218 3195 427 3267 precarentur.
479 3183 580 3243 Fuere
609 3184 661 3266 qui
682 3181 794 3264 publici
816 3183 931 3247 funeris
949 3205 1092 3267 pompam
1113 3186 1279 3269 require-5

210 3280 306 3368 rent,
328 3299 602 3372 compararentque
622 3310 701 3370 quae
722 3291 752 3348 in
776 3291 911 3350 Drusum
933 3303 1054 3372 patrem
1074 3293 1254 3354 Germanici

218 3398 338 3460 horrore
359 3409 389 3459 et
410 3396 567 3486 magnilica
584 3398 736 3478 Augustus
755 3395 880 3460 fecisset.
901 3398 1003 3480 Ipsum
1020 3400 1132 3481 quippe
1152 3421 1255 3482 asper-

219 3511 297 3568 rimo
324 3507 431 3568 hiemis
460 3507 602 3566 Ticinum
636 3526 731 3588 usque
763 3528 974 3592 progressum,
1016 3529 1114 3590 neque
1152 3507 1255 3572 absce-

220 3763 284 3812 rat,
302 3756 333 3798 ut
351 3749 391 3800 ita·
407 3755 523 3800 statuam
542 3746 666 3800 suadent.
688 3746 754 3798 Cum
775 3746 848 3802 enim
868 3747 1016 3818 Megalesia
1035 3751 1160 3802 iunones
1174 3749 1253 3818 Apri-

168 3884 171 3894 .
220 3843 259 3894 les
280 3843 451 3904 inciderent,
476 3841 594 3910 Tiberii
611 3842 750 3902 edictum,
770 3845 852 3912 paulo
878 3853 939 3912 post
956 3845 1086 3915 reliquias
1098 3842 1253 3899 Germanici

222 3939 352 4007 sepositas
371 3939 488 3998 sactum,
505 3952 597 3986 mense
615 3935 713 3988 Martio
730 3940 900 4007 propositum
921 3947 971 3997 est.
1034 3999 1036 4007 .
