2900 4706
245 266 308 334 468
671 264 892 323 annulatus}

97 459 124 524 (a
141 457 168 508 C.
176 459 234 528 66.)
243 453 302 506 tur
324 447 492 528 exegerim,
519 465 612 526 qnam
643 465 687 506 ne
713 443 829 502 oderim
854 453 918 502 tam
946 444 1079 524 segniter
1106 452 1275 523 pneuntea.
1361 438 1365 444 ’

244 553 292 612 lra
313 551 364 611 illa
386 556 544 612 numinum
565 554 599 610 in
616 571 663 611 res
681 551 833 610 Romanas
857 549 932 620 suit,
954 563 1163 630 'quam-nou,
1182 559 1218 612 ut
1241 551 1275 608 in

244 661 381 722 cladibus
402 665 587 722 exercituum
607 670 661 720 aut
681 651 1020 740 captivitate'urbinm,
1040 654 1134 716 semel
1161 657 1276 716 editam

163 809 170 816 ,
245 773 374 832 transire
391 771 471 830 licet.
512 771 612 830 Detur
639 767 699 828 boc
727 765 890 826 illustrium
919 768 1056 824 tuorum
1081 764 1274 854 posteritati,

233 887 282 944 att
301 877 455 959 quomodo
473 876 658 958 exsequiisa
685 877 856 956 promiscua
885 871 1041 952 sepultum
1072 883 1273 952 separantur,
1294 859 1313 917 5

183 1037 186 1041 .
229 985 287 1044 'ita
309 985 341 1043 in
367 985 528 1044 traditione
558 1001 772 1064 supremorum
802 981 953 1062 accipiant
980 977 1174 1060 habeantque
1202 999 1275 1060 pro-

245 1095 344 1174 priam
366 1095 568 1151 memoriam(
596 1090 715 1149 Paucos
736 1090 850 1170 quippe
868 1091 950 1150 intra
968 1085 1033 1148 dies
1052 1087 1159 1148 eodem
1173 1087 1272 1165 agmi-
1258 1073 1332 1150 -Π
1435 1137 1436 1168 3

209 1172 213 1186 ι
247 1221 286 1260 uc
315 1201 459 1262 Annaeus
488 1199 589 1275 Mela,
609 1196 734 1258 Cerialis
761 1198 907 1272 Anicius,
940 1197 1047 1258 Rullus
1066 1195 1221 1274 Crispinus
1241 1214 1279 1252 ac

250 1305 343 1364 Gaius
362 1305 524 1365 Petronius
541 1304 699 1376 cecidere,
716 1303 797 1364 Mela
820 1315 852 1364 et
864 1303 1019 1384 Crispinus
1037 1302 1152 1382 equites
1166 1302 1279 1360 Roma·

247 1410 281 1470 ni
303 1410 448 1493 dignitate
465 1416 626 1476 senatoria.
658 1411 734 1470 llam
756 1409 807 1470 bic
825 1409 981 1491 quondam
1000 1409 1170 1490 praefectus
1185 1428 1274 1488 prae·
1302 1403 1337 1440 ¹⁰

246 1517 320 1576 torii
344 1529 375 1578 et
400 1503 608 1578 consularibus
626 1516 795 1598 insignibus
814 1515 966 1592 dunatus,
985 1535 1022 1576 ac
1053 1535 1149 1594 nuper
1171 1516 1277 1575 crimi-
1435 1513 1436 1522 ’

245 1644 286 1684 nc
303 1624 521 1684 coniurationis
540 1625 572 1682 in
593 1623 767 1684 Sardiniam
786 1631 919 1698 exactus,
941 1631 1065 1702 accepto
1083 1622 1180 1688 iussae
1199 1641 1280 1680 mor-

245 1733 285 1822 tis
306 1734 415 1793 nuntio
432 1744 526 1793 semet
544 1732 706 1793 interfecit.
760 1733 841 1794 Mela
860 1731 972 1814 quibus
992 1730 1092 1792 Gallio
1111 1739 1142 1790 et
1163 1729 1279 1788 Seneca

230 1841 425 1928 'parentibus
442 1851 529 1900 natus
550 1841 694 1920 pmitiouc
714 1839 865 1900 bonorum
893 1839 1082 1898 abstinuerat
1108 1857 1162 1916 per
1181 1835 1278 1894 ambi-

247 1948 363 2007 tionem
383 1955 619 2028 praeposteram,
645 1957 680 2006 nt
701 1963 793 2028 equos
818 1948 971 2006 Romanus
993 1943 1202 2004 consularibus
1223 1963 1277 2022 po-
1306 1941 1344 2000 15

195 2127 204 2139 s
248 2055 344 2113 tentia
362 2063 567 2136 aequaretur3
586 2049 676 2112 simul
695 2050 901 2133 acquirendae
919 2051 1064 2131 pecuniae
1080 2049 1204 2110 brevius
1221 2051 1284 2108 iter

248 2161 410 2238 credebat,
431 2180 486 2241 per
508 2161 734 2240 procurationes
758 2157 1002 2220 administrandis
1020 2159 1163 2240 principis
1186 2178 1282 2237 nego-

247 2267 310 2327 tiis.
351 2267 436 2326 ldem
459 2267 617 2324 Annaeum
636 2263 797 2326 [umnam
819 2276 975 2346 genuerat,
996 2267 1111 2348 grande
1121 2253 1284 2324 adiumen-

247 2385 315 2435 tum
334 2372 533 2436 claritudinis.
574 2375 646 2451 Quo
661 2373 825 2434 interiecto
843 2373 917 2434 dum
930 2395 996 2434 rem
1018 2373 1197 2434 familiarem
1212 2370 1282 2432 eius

247 2478 361 2541 aeriter
382 2479 526 2561 requirit,
549 2490 756 2542 accusatorem
777 2481 908 2541 concivit
934 2481 1064 2542 Fabium
1089 2481 1278 2556 Romanum,
1298 2503 1341 2544 ao
1427 2561 1431 2570 Ι

248 2607 283 2647 ex
303 2586 418 2646 intimis
438 2587 555 2647 Lucani
583 2587 695 2649 amicis.
748 2587 843 2660 blixta
870 2588 950 2648 inter
977 2598 1093 2668 patrem
1122 2587 1283 2667 filiumque

247 2696 464 2755 coniurationis
485 2695 608 2756 scientia
631 2696 776 2778 fingitur,
814 2694 993 2756 assimulatis
1016 2693 1132 2754 Lucani
1159 2692 1279 2757 litteris.

248 2805 332 2880 Quas
352 2806 500 2884 inspectas
520 2803 605 2888 Nero
626 2803 697 2862 ferri
718 2801 759 2862 ad
777 2823 847 2862 eum
867 2805 976 2880 iussit,
1010 2801 1119 2882 opibus
1141 2803 1207 2860 eius
1228 2803 1280 2859 in-

247 2908 345 2974 hians.
387 2911 428 2970 At
449 2908 551 2984 Mela,
572 2930 651 2990 quae
672 2919 737 2968 turn
761 2909 988 2990 promptissima
1009 2909 1119 2967 mortis
1139 2910 1187 2967 via
1195 2954 1205 2983 ‚
1224 2928 1277 2967 cx-
1327 2886 1332 2890 ι

247 3015 336 3078 solvit
354 3037 470 3094 venas,
491 3019 613 3097 scriptis
633 3017 792 3087 codicillis,
812 3018 925 3098 quibus
946 3017 1093 3098 grandem
1115 3017 1277 3095 pecuniam
1294 3017 1338 3080 25

247 3123 280 3181 in
307 3121 490 3203 Tigellinum
522 3142 728 3204 generumque
759 3125 823 3182 eius
853 3123 1066 3184 Cossutianum
1101 3123 1279 3202 Capitonem
1337 3159 1342 3163 -

247 3230 410 3310 erogabat,
432 3251 494 3310 quo
515 3239 615 3290 cetera
638 3241 804 3290 manerent.
856 3229 991 3289 Additur
1019 3228 1175 3304 codicillis,
1204 3239 1281 3289 tan-

246 3359 338 3418 mam
359 3336 399 3396 de
419 3337 578 3418 iniquitate
598 3338 679 3396 exitii
698 3357 849 3418 ᾳιιειειιε,
872 3337 915 3396 ita
940 3337 1111 3417 scripsisse,
1145 3357 1177 3396 se
1206 3339 1278 3418 qui-

247 3443 317 3504 dem
337 3445 416 3504 mori
438 3441 530 3503 nullis
548 3441 685 3523 supplicii
707 3445 818 3520 causis,
840 3442 963 3502 Rullum
985 3451 1087 3502 autem
1101 3441 1278 3523 Crispinum

223 3558 279 3618 ‚et
300 3549 440 3607 Anicium
465 3545 612 3607 Cerialem
645 3547 709 3607 vita
743 3546 804 3606 frui
834 3547 964 3608 infensos
995 3547 1132 3629 principi.
1187 3551 1279 3628 Quae
1297 3558 1340 3618 50
1435 3569 1436 3614 1

249 3689 482 3710 unu-m

332 3775 351 3826 8
378 3776 487 3824 Anneius
505 3771 558 3823 Mt.
576 3769 639 3821 Mox
659 3787 683 3837 p
703 3769 788 3821 Gaius
807 3785 822 3818 a
841 3768 970 3820 llbenauo
990 3777 1039 3822 est.
1076 3765 1118 3824 Cl.
1137 3787 1157 3821 c.
1180 3769 1221 3826 ιδ,

316 3881 359 3927 aa.
373 3869 522 3938 finguntur
540 3867 593 3920 Μῑ.
611 3865 684 3922 idem
705 3883 732 3935 p.
750 3866 811 3936 469,
834 3867 859 3918 6.
874 3865 1016 3917 munium.
1117 3927 1119 3931 Ι
