2862 4726
23 141 25 258 l

23 269 24 364 l

228 364 302 466 ⁸rte
503 462 507 474 Ι
656 368 869 434 urrunnu

90 563 117 637 (2
131 561 228 632 cde)
238 541 368 608 subditis
381 547 441 630 ,qni
462 559 672 615 accusatorum
698 556 822 616 nomina
857 555 1061 630 sustinerent,
1090 555 1283 637 maximeque

235 654 461 718 insectarentur
478 659 641 739 Neronem,
662 667 831 744 proximum
854 665 1036 726 successioni
1054 675 1086 726 et
1106 686 1279 746 quanquam

235 761 372 825 modesta
393 765 534 843 iuventa,
556 765 742 851 plerumque
760 781 861 830 tamen
883 770 959 852 quid
981 772 1011 829 in
1035 772 1275 852 praesentiarum

236 869 423 934 conduceret
446 875 601 949 oblitum,
626 877 700 940 dum
722 901 740 938 a
758 877 875 940 libertis
895 889 925 938 et
945 877 1108 940 clientibus
1139 879 1277 958 apiscen-

140 1067 143 1075 .
236 977 296 1040 dae
314 980 465 1060 potentiae
487 985 622 1063 properis
645 983 856 1045 exstimulatur
874 996 908 1044 ut
923 995 1056 1046 erectum
1078 994 1109 1045 et
1130 983 1277 1043 fidentem
1298 977 1317 1040 5

236 1086 332 1148 animi
352 1087 544 1152 ostenderet:
568 1086 647 1149 velle
675 1089 706 1150 id
728 1089 875 1172 populum
891 1093 1085 1164 Romanum,
1100 1109 1210 1170 cupere
1230 1109 1281 1147 ex·

237 1194 370 1273 ercitus,
389 1217 488 1278 neque
509 1215 656 1259 ausurum
676 1209 782 1260 contra
803 1201 956 1275 Seianum,
979 1199 1032 1280 qui
1054 1219 1138 1259 nunc
1159 1199 1279 1278 patien-

235 1302 408 1367 tumescis
426 1317 456 1366 et
475 1307 632 1388 segnitiam
654 1307 772 1368 iuvenis
794 1307 877 1369 iuxta
898 1305 1032 1368 insultet.
1084 1307 1168 1367 Haec
1186 1297 1337 1388 atque60

237 1409 313 1476 tatia
333 1411 469 1492 audienti
491 1413 569 1474 nibil
591 1411 717 1496 quidem
742 1435 854 1496 pravae
875 1414 1085 1497 cogitationis:
1109 1413 1164 1476 sed
1186 1415 1281 1476 inter·

237 1518 313 1582 dum
337 1541 428 1583 voces
439 1523 645 1605 procedebant
656 1535 851 1585 contumaces
863 1534 894 1584 et
909 1521 1110 1601 inconsultae,
1134 1545 1209 1607 quas
1226 1547 1280 1606 ap·
1300 1537 1338 1577 ια

236 1629 328 1710 positi
345 1631 485 1691 custodes
519 1617 661 1714 exceptas
683 1645 845 1715 auctasque
873 1653 943 1692 cunr
974 1631 1149 1710 deferrent,
1184 1651 1283 1714 neque

235 1725 352 1800 Neroni
371 1736 537 1802 defendere
558 1738 701 1820 daretur,
725 1740 863 1803 diversae
893 1739 1019 1822 insuper
1041 1736 1283 1800 sollicitudinum

237 1843 357 1909 formae
377 1849 565 1914 oriebantur.
608 1843 688 1931 llam¹
703 1851 784 1912 alius
811 1871 973 1911 occursum
995 1849 1060 1909 eius
1080 1851 1201 1926 nitere²
1220 1849 1286 1930 qui·

237 1951 312 2014 dam
330 1953 512 2017 salutatione
533 1957 654 2020 reddita
681 1959 783 2020 statim
811 1958 926 2035 averti,
960 1955 1098 2038 plerique
1127 1941 1283 2038 inceptum

238 2081 413 2125 emmonem
432 2063 645 2146 abrumpere,
665 2064 877 2125 insistentibus
898 2075 1009 2126 contro
1026 2063 1285 2146 irridentibusque
1307 2049 1345 2114 ¹5

240 2173 294 2253 qui
314 2170 424 2230 Seiano
444 2169 580 2234 lautores
610 2169 752 2236 aderant.
804 2171 973 2235 Enimvero
1005 2148 1148 2232 Tiberius
1182 2181 1290 2232 torvus

242 2287 297 2343 aut
320 2276 430 2338 falsum
450 2279 590 2340 renidens
617 2277 729 2338 vultur
751 2299 804 2338 seu
826 2276 1007 2359 loqueretur
1027 2299 1079 2339 seu
1100 2285 1219 2338 taceret
1241 2277 1289 2337 iu-

241 2384 484 2464 venis,'orimen
507 2405 542 2447 ex
562 2380 692 2458 silentio,
717 2405 751 2443 er
774 2403 856 2446 voce.
878 2383 926 2443 Ne
945 2403 1003 2443 nox
1026 2381 1149 2464 quidem
1167 2403 1285 2456 securo,

242 2513 314 2553 cum
336 2513 414 2552 uxor
431 2489 548 2572 vigilias
571 2508 696 2550 somnos
721 2489 853 2570 suspiria
874 2491 965 2548 matri
988 2489 1093 2550 Liviae
1113 2464 1206 2569 atqire
1236 2485 1289 2547 illu

243 2598 356 2660 Seiano
375 2599 577 2680 patefaceret3
603 2597 655 2678 qui
689 2597 822 2659 fratrem
845 2618 969 2680 quoque
989 2596 1124 2674 Neronis
1153 2597 1287 2657 Drusum
1304 2609 1343 2649 2⁰¹

243 2707 335 2769 traxit
353 2707 386 2770 in
407 2717 523 2787 partes,
546 2726 598 2786 spe
621 2703 743 2764 obiecta
762 2685 909 2785 priricipis
929 2702 1009 2780 loci,
1031 2701 1057 2762 si
1079 2703 1219 2784 priorem
1240 2723 1289 2764 ae-

243 2823 359 2880 tateet
377 2815 437 2875 iam
458 2812 643 2891 labefactum
662 2813 857 2879 desuevisset.
891 2809 987 2872 Atrox
1002 2811 1096 2872 Drusi
1119 2811 1288 2892 ingenium,

243 2919 522 3010 superonpidinem
535 2917 692 2998 potentiae
711 2926 742 2977 et
762 2903 851 2978 solita
872 2915 1018 2976 fratribus
1038 2915 1120 2993 odia,
1139 2916 1287 2976 accende·

142 3067 144 3070 ·
244 3028 340 3092 betur
358 3026 496 3104 invidia,
528 3026 609 3108 qnod
641 3036 738 3086 mater
770 3025 942 3109 Agrippina
975 3029 1145 3106 promptior
1172 3024 1286 3085 Neroni

245 3145 321 3202 erat.
365 3134 471 3218 Neque
489 3144 592 3195 tamen
614 3135 741 3195 Seianus
774 3135 816 3196 ita
839 3137 975 3196 Drusum
1002 3133 1146 3210 fovebat,
1165 3143 1200 3192 ut
1223 3153 1284 3192 nou
1302 3125 1341 3194 ²5

245 3247 278 3308 in
302 3264 373 3304 eum
395 3263 518 3325 quoque
546 3247 660 3304 semina
684 3242 781 3302 futuri
808 3243 891 3302 exitii
926 3242 1147 3320 meditaretur,
1177 3259 1291 3321 gnarus

246 3351 451 3438 praeferocem
471 3361 502 3410 et
522 3351 637 3412 insidiis
658 3351 756 3432 magis
773 3361 991 3432 opportunum.

331 3457 410 3519 Fine
432 3461 504 3520 anni
524 3480 676 3520 excessere
695 3461 826 3540 insignes
857 3457 939 3534 viri,
976 3452 1100 3515 Asinius
1130 3451 1270 3536 Agrippa
1281 3456 1339 3537 ,ω

246 3564 336 3627 claris
357 3565 526 3628 maioribus
554 3589 645 3648 quam
667 3568 810 3641 vetustis,
845 3566 968 3645 uitaque
994 3581 1056 3620 non
1089 3557 1241 3642 degener,
1264 3571 1295 3620 et

248 3675 385 3753 Quintus
414 3673 580 3754 Haterius,
615 3674 730 3734 familia
763 3673 937 3752 senatoria,
966 3653 1160 3756 eloquentiae
1190 3667 1292 3754 quoad
1310 3679 1345 3739 30
1405 3725 1406 3756 3

335 3839 362 3900 4.
380 3830 516 3886 conducet
535 3833 579 3897 u;
597 3832 718 3884 correxit
735 3828 892 3882 Bcrosldus.

319 3929 360 3980 ³³.
380 3926 508 3999 Quintus]
530 3944 601 4000 qnae
622 3926 658 3977 Μ,
683 3955 716 3968 -
736 3921 839 3977 Vitium
859 3943 893 3979 ex
911 3925 982 3978 male
1011 3923 1156 3976 intellecta
1181 3927 1248 3974 non
1264 3937 1291 3990 q.

248 4020 305 4090 (Q.)
324 4033 421 4075 ortum.
440 4024 505 4077 llos
524 4041 583 4095 qno
600 4019 702 4092 adpro
724 4019 821 4098 quood
839 4019 888 4084 M,
907 4029 935 4074 et
952 4017 1069 4092 perinde
1087 4017 1141 4081 Vl,
1160 4017 1203 4071 51.
