2900 4724
288 327 349 396 rm
683 325 686 330 ·
715 322 928 404 ausimum

137 501 167 574 (ι
187 502 278 578 crib)
287 509 356 590 bat,
379 533 441 575 non
463 515 584 598 ignarus
604 510 679 571 dites
701 521 731 572 et
749 508 889 572 imbelles
911 527 986 574 esse.
1031 508 1074 568 At
1091 507 1226 570 Corbulo
1247 507 1317 592 pro«

288 621 417 686 vinciam
439 624 592 706 ingressus·
616 643 726 703 magna
755 643 827 680 oum
847 641 938 694 cura,
974 627 1006 678 et
1027 637 1095 678 mox
1127 595 1245 698 gloriai
1273 619 1319 710 oui

285 729 466 812 principium
489 727 540 788 illa
562 725 669 788 militia
691 727 764 806 fuit,
787 727 929 788 triremes
952 725 1040 786 alveo
1061 723 1186 794 Rheni,
1208 735 1332 802 ceteras
1369 761 1371 766 ·

250 873 253 880 =
286 840 435 906 navium,
453 845 490 895 ut
521 856 660 917 quaeque
682 834 818 911 habiles,
840 855 895 915 per
913 831 1064 894 aestuaria
1087 842 1117 892 et
1135 831 1227 894 fossas
1249 832 1319 894 ade-

192 973 200 990 ·
280 934 338 1029 git,
360 945 561 1028 lintribusque
584 945 720 1008 bostium
744 945 893 1026 depressis
914 954 945 1003 et
966 941 1129 1004 exturbato
1143 939 1344 1020 Gannasco&

261 1055 334 1116 'ubi
358 1031 528 1136 praesentia
547 1058 620 1117 satis
641 1056 808 1136 composita
824 1063 907 1132 suut,
927 1053 1059 1134 legiones
1079 1072 1209 1134 operum
1226 1063 1256 1114 et
1275 1053 1318 1114 la·

280 1163 363 1224 boris
382 1160 520 1244 ignaras,
542 1163 789 1247 populationibus
811 1162 965 1238 laetantes,
988 1161 1184 1230 veteremad
1204 1183 1319 1224 morem

209 1303 217 1318 «
280 1267 417 1348 reduxit,
437 1273 558 1353 nequis
578 1272 698 1352 agmine
718 1268 898 1350 decederet,
917 1291 974 1330 neo
989 1289 1120 1352 pugnam
1143 1270 1201 1329 nisi
1225 1269 1319 1332 iussus

286 1369 389 1441 iniretss
428 1378 582 1440 stationes
601 1377 740 1462 vigiliae,
765 1378 878 1438 diurna
916 1387 1124 1458 nocturnaque
1151 1376 1256 1436 munia
1288 1379 1319 1437 iu

286 1487 381 1549 armis
402 1489 604 1571 agitabantur.
645 1489 827 1571 Feruntque
854 1487 1002 1566 militem,
1031 1489 1102 1568 quin
1126 1483 1240 1547 vallum
1263 1503 1374 1548 nonio

285 1594 456 1673 accinctus,
474 1605 567 1678 atque
588 1593 700 1672 alium,
721 1596 795 1677 quia
815 1597 946 1676 pugione
968 1603 1089 1654 tautum
1106 1594 1262 1654 ¹acrinetus
1276 1595 1323 1655 io-

285 1698 389 1780 deret,
410 1714 512 1764 morte
534 1705 666 1784 punitos.
706 1705 797 1782 Quae
813 1703 930 1774 nimia,
953 1713 983 1764 et
1004 1705 1157 1762 incertum
1189 1724 1227 1762 an
1250 1701 1327 1764 laiso.

221 1883 225 1908 ,
285 1807 371 1868 iacta
384 1810 532 1892 originem
552 1821 655 1872 tamen
678 1831 697 1869 e
714 1808 873 1872 severitate
894 1809 983 1870 ducis
1003 1779 1133 1886 traxere,
1155 1801 1322 1872 intentum·

285 1936 347 1998 que
376 1928 406 1978 et
432 1919 548 1999 magnis
577 1917 704 1980 delictis
737 1916 958 1978 inexorabilem
995 1920 1090 1996 scias,
1125 1922 1175 1982 eui
1202 1929 1323 1982 tantum

285 2026 460 2109 asperitatis
484 2027 575 2088 etiam
597 2026 744 2088 adversus
772 2026 851 2089 levia
885 2028 1072 2092 credebatur.
1094 2061 1096 2064 ·
1121 2031 1267 2092 Ceterum
1299 2017 1377 2096 isid

284 2145 389 2196 terror
409 2134 518 2196 milites
539 2135 704 2214 hostesque
721 2137 752 2194 in
773 2136 930 2196 diversum
951 2138 1063 2200 affecit.
1092 2138 1154 2198 Nos
1179 2140 1328 2202 virtutem

285 2243 444 2305 auximus:
469 2241 594 2304 barbari
614 2241 757 2306 ferociam
780 2240 942 2322 infregere.
984 2245 1025 2304 Et
1049 2246 1132 2306 natio
1151 2245 1329 2307 Frisiorum

285 2359 353 2432 poet
372 2349 568 2410 rebellionem
589 2348 676 2412 clade
691 2349 776 2410 Lucii
798 2351 927 2432 Apronii
960 2364 1098 2434 coeptam
1129 2353 1245 2415 infensa
1274 2367 1327 2418 aut

284 2455 365 2517 male
383 2457 463 2532 lida,
487 2457 567 2516 datis
589 2457 747 2518 obsidibus
761 2431 904 2522 'consedit
937 2459 1020 2540 apud
1044 2457 1132 2543 agros
1162 2484 1181 2522 a
1201 2461 1326 2523 Corbu-

285 2566 358 2632 lone
378 2565 555 2650 descriptos.
597 2567 681 2629 idem
704 2580 826 2630 senatus
850 2571 1040 2650 magistratus
1066 2569 1145 2652 leges
1169 2569 1324 2651 imposuit.
1340 2594 1379 2642 ao.
1433 2642 1436 2651 ,

285 2678 329 2738 Ae
349 2695 391 2736 ne
416 2675 495 2741 iussa
514 2687 668 2750 exuerent,
706 2677 891 2758 praesidium
919 2677 1113 2754 immutavit,
1148 2681 1245 2740 missis
1270 2681 1324 2762 qui
1434 2729 1436 2758 „

284 2785 416 2845 maiores
438 2783 575 2844 Chaucos
597 2783 637 2843 ad
657 2783 842 2846 deditionem
864 2781 1064 2866 pellicerent,
1085 2785 1182 2846 simul
1204 2791 1324 2852 Ganna·
1429 2768 1434 2779 ¹

284 2913 369 2954 acum
389 2892 462 2954 dolo
483 2891 732 2973 adgrederentur.
775 2894 842 2954 Neo
864 2895 967 2953 irritae
988 2903 1044 2954 aut
1062 2893 1232 2977 degeneres·
1249 2899 1324 2956 insi-

284 3002 354 3064 diae
372 3002 457 3064 suere
483 3003 628 3063 adversus
653 3004 844 3084 transfugam
865 3013 897 3063 et·
923 3002 1106 3064 violatorem
1135 3003 1219 3064 fidei.
1260 3004 1323 3066 Sed
1375 3061 1381 3078 ,

228 3084 230 3092 i
285 3111 379 3172 caede
389 3109 458 3169 eius
479 3118 579 3168 motae
601 3109 799 3170 Chaucorum
820 3118 955 3186 mentes,
976 3121 1007 3170 et
1038 3109 1180 3171 Corbulo·
1206 3113 1376 3183 seminari
1435 3103 1436 3113 ἵ

286 3216 460 3279 rebellionis
481 3216 669 3298 praebebat,
691 3232 727 3278 ut
750 3217 830 3278 laeta
854 3219 935 3299 apud
954 3217 1146 3302 ple-rosque,
1178 3221 1221 3280 ita
1241 3221 1326 3304 apud

283 3323 434 3406 quosdam
454 3323 576 3384 sinistra
597 3324 688 3385 lama.
734 3326 798 3384 Cur
816 3323 937 3385 hostem
956 3327 1113 3388 sanciret?
1136 3325 1273 3390 Adversa
1291 3332 1324 3390 in
1434 3347 1435 3370 ¹

285 3454 350 3495 rem
369 3431 522 3514 publicam
543 3455 669 3494 casura:
694 3435 740 3492 siu
769 3454 912 3516 prospere
934 3433 1061 3514 egisset,
1087 3433 1325 3506 'formidolosum

371 3615 397 3669 7.
415 3601 533 3673 ignoras
551 3598 733 3656 Puteolanus,
752 3596 874 3666 ignavas
890 3597 989 3648 FGM⁸.

356 3698 395 3750 ri.
415 3708 481 3748 acta
497 3693 556 3744 Ma:
573 3694 650 3754 iacta
669 3690 823 3752 Rhenanus.
862 3691 925 3742 Mox
942 3690 1056 3764 delectis
1076 3694 1126 3763 Mff.
1146 3693 1149 3698 ’

355 3808 396 3844 st.
417 3787 571 3842 immunilit
589 3787 639 3838 Ma,
659 3784 730 3836 idem
750 3801 829 3852 supra
849 3801 870 3836 c.
890 3787 916 3840 6.
935 3786 1142 3854 cogitatuum,

354 3887 398 3943 ιδ.
413 3885 445 3935 in
462 3901 490 3936 re
508 3879 622 3951 publicu
643 3879 691 3932 hia
711 3897 827 3930 casuras
847 3880 879 3932 in
895 3899 1025 3954 prospere
1043 3883 1099 3952 Meg
1119 3881 1322 3940 tottesitlliet·
1431 3875 1434 3902 ³

286 3993 371 4036 cerua.
406 3976 490 4035 tauto.
507 3983 570 4035 aute
589 3975 620 4036 in
637 3959 752 4036 siitirtro
772 3975 825 4035 Mt..
