2900 4706
455 305 532 365 aaa.
553 305 638 371 xiv.
679 303 765 367 cae.
793 297 926 374 abac.
963 327 964 332 Ν
1151 304 1208 369 au

188 483 350 567 suffugium
369 495 399 546 et
420 487 521 570 magui
543 487 673 546 nominis
695 487 887 546 miseratione
900 497 1090 568 reperturum
1103 483 1245 563 bonosus
1262 495 1360 561 aaa.)
1439 483 1440 492 ’

187 593 430 652 consociaturum
452 593 590 657 audaces.
633 590 756 651 Nullum
780 590 900 652 interim
923 591 1088 652 subsidium
1110 613 1213 669 asper.

187 695 331 757 nandum.
360 675 407 760 'st
436 701 589 782 sexaginta
609 700 719 760 milites
746 703 801 779 (tot
827 701 906 759 enim
931 699 1106 772 veniebant)
1131 719 1214 779 'pro-
1292 714 1295 728 ·

185 800 332 881 pulisset,
357 805 429 866 dum
456 808 584 868 refertur
605 807 729 868 nuntius
759 805 898 882 Neroni,
928 807 1001 864 daim
1026 825 1134 864 manus
1153 803 1212 862 alia

152 895 171 974 d
189 920 344 990 permeat,
359 913 455 974 multa
473 924 638 992 secutura,
663 935 740 996 quae
764 913 803 973 ad
825 904 1049 993 usqud'bellum
1064 911 1212 971 evalesce-

150 1009 157 1016 ’
185 1027 264 1076 rents
308 1017 446 1101 Denique
460 1031 511 1080 ant
534 1021 659 1080 salutem
680 1019 885 1092 talleonsilio
906 1017 1035 1100 quaeri,
1061 1028 1114 1075 aut
1136 1014 1212 1074 nibil

130 1121 307 1204 59gravius
326 1124 450 1184 audenti
470 1147 558 1206 quam
570 1127 680 1206 ignavo
694 1125 869 1207 patiendum
891 1143 966 1186 esse.
989 1121 1049 1182 Sed
1070 1119 1212 1181 Plautum

186 1244 220 1289 ea
240 1249 300 1288 non
323 1243 466 1307 movere,
487 1235 549 1292 sire
569 1233 691 1308 nullam,
711 1254 800 1312 opem
819 1229 1002 1311 providebat
1024 1228 1145 1290 inermis
1166 1237 1232 1286 at·.

185 1351 244 1417 que
268 1337 373 1412 exsul,
398 1358 448 1398 seu
470 1339 569 1398 taedio
592 1339 750 1420 ambiguae
769 1339 853 1418 spei,
885 1357 926 1395 *an
956 1353 1058 1394 amore
1077 1337 1231 1414 coniugis*

129 1443 167 1508 ‘lo
186 1452 217 1504 el
233 1443 419 1522 liberorum,
443 1446 552 1525 quibus
574 1444 796 1526 placabiliorem
819 1444 884 1502 fore
902 1444 1066 1522 principem
1090 1443 1215 1500 rebatur
1238 1435 1243 1443 “

184 1549 267 1610 nulla
287 1549 489 1610 sollicitudine
506 1549 676 1609 turbatum.
717 1549 795 1608 Sunt
815 1548 868 1628 qui
889 1547 963 1606 alios
985 1567 1118 1606 asocero
1139 1557 1214 1604 nun'-
1247 1609 1251 1616 ,

183 1654 241 1714 rios
262 1657 379 1716 venisse
398 1655 514 1730 ferasrt,
534 1666 679 1735 tanquam
700 1651 777 1714 nibil
791 1664 875 1713 atrox
897 1651 1067 1713 immineret
1079 1673 1091 1730 3*
1109 1653 1214 1713 docto-

183 1781 291 1844 resque
309 1753 490 1843 sapientiae,
513 1764 680 1824 Coeranum
703 1764 832 1840 Graeci,
854 1763 1028 1822 Musonium
1046 1761 1139 1821 Tusci
1159 1781 1211 1841 ge.

183 1870 282 1945 neris,
307 1871 503 1930 constantiam
524 1871 724 1951 opperiendae
745 1871 852 1930 mortis
872 1889 928 1952 pro
948 1870 1061 1926 incerta
1085 1872 1119 1924 'et
1150 1873 1214 1926 tre-

130 1975 165 2047 15
184 1975 254 2055 pida
274 1977 335 2036 vita
357 1978 491 2042 suasisse.
515 1978 661 2057 Repertus
672 1971 727 2035 'est
746 1985 828 2034 certa
848 1993 905 2056 per
922 1973 1054 2033 medicam
1075 1973 1134 2031 diei
1156 1993 1214 2032 nu·

183 2083 240 2143 dus
261 2083 449 2144 exercitando
471 2086 601 2166 corpori.
642 2082 749 2144 Talem
770 2103 840 2142 eum
863 2084 1004 2142 centurio
1027 2081 1214 2154 insudavit,

137 2257 143 2264 ,
182 2205 285 2250 coram
310 2185 462 2272 Pelagone
483 2191 640 2273 spadone,
664 2213 754 2272 quem
777 2191 860 2252 Nero
877 2191 1044 2250 centurioni
1067 2202 1096 2250 et
1117 2187 1213 2250 maui-

182 2297 266 2378 pulo,
290 2300 376 2380 qnasi
408 2297 589 2360 satellitibus
619 2300 792 2382 ministrum
823 2297 958 2380 regium,
986 2307 1211 2379 praeposuerat.

184 2405 281 2484 Caput
314 2403 461 2466 interfecti
487 2405 641 2484 relatum3
680 2408 767 2466 cuius
796 2417 917 2486 aspectu
951 2405 1031 2488 (ipsa
1070 2405 1215 2493 principis

127 2510 165 2580 ,θ’
183 2510 277 2570 verba
310 2511 451 2588 referam)
484 2505 724 2593 ,‚cu1·”inquit,
756 2511 880 2590 „Nero”
905 2539 965 2575 aa
988 2537 1007 2572 a
1027 2529 1032 2540 “
1049 2513 1088 2573 Et
1115 2515 1214 2594 posito

182 2627 267 2677 metu
291 2619 408 2698 nuptias
429 2621 604 2698 Poppaeae,
627 2619 668 2678 ob
690 2619 836 2678 eiusmodi
858 2628 992 2680 terrores
1012 2619 1128 2696 dilatas,
1151 2625 1214 2679 ma·

159 2731 288 2784 'tueare
318 2737 421 2806 parat,
463 2721 678 2805 octaviamque
711 2727 870 2804 coniugem
903 2725 1045 2801 amoliri,
1076 2730 1214 2809 quamvis

184 2832 318 2891 modeste
345 2833 466 2913 ageret,
497 2834 618 2892 nomine
643 2831 737 2911 patris
754 2842 784 2892 et
812 2834 917 2892 studiis
946 2832 1050 2916 populi
1076 2857 1212 2919 gravem.
1315 2907 1320 2915 .

183 2937 244 2997 Sed
271 2937 310 2998 ad
339 2950 474 2999 senatum
502 2939 614 3000 litteras
650 2939 733 2998 misit
767 2938 804 3000 de
834 2940 925 3001 caede
957 2943 1062 3030 Sullae
1096 2942 1214 3020 Plauti&

127 3039 168 3102 ²5
186 3065 246 3125 que
266 3043 349 3104 haud
371 3049 542 3120 consessus,
565 3067 673 3108 verum
694 3049 849 3130 utriusque
874 3051 1030 3110 turbidum
1060 3051 1213 3134 ingenium
1300 3065 1306 3072 ·

187 3170 249 3210 esse
270 3158 301 3208 et
321 3151 378 3212 sibi
400 3153 635 3214 incolumitatem
659 3154 865 3235 reipublicae
889 3177 1005 3237 magna,
1026 3179 1098 3218 cura
1122 3157 1214 3218 habe·
1267 3162 1269 3168 ’

185 3257 225 3322 ri.
267 3259 416 3318 Decretae
445 3267 488 3318 eo'
517 3261 638 3318 nomine
666 3253 915 3342 supplicationes,
951 3273 1044 3342 utque
1075 3261 1158 3325 Sulla
1184 3273 1215 3322 et

186 3365 315 3427 Plautus
336 3377 454 3433 senatu¹
469 3377 686 3442 moverentur,
706 3369 912 3448 ,gravioribus
941 3379 1040 3432 tamen
1074 3368 1214 3430 ludibriis

185 3491 277 3550 quam
302 3459 399 3538 malis.
1042 3477 1043 3484 '

191 3617 457 3638 *ῑ--ῑ-ὓ--ι--η

279 3735 299 3769 ι,
318 3721 492 3775 miserarium
510 3721 574 3785 Μ..
593 3723 616 3774 a
647 3722 713 3776 aaa
735 3739 768 3777 er
794 3705 904 3778 strenuo
933 3726 1067 3791 aenaea,
1091 3735 1119 3782 a
1144 3743 1212 3782 corr.

186 3809 224 3864 B:
247 3812 329 3862 ceteri
347 3815 554 3868 miserationem.
592 3815 675 3866 Paulo
695 3825 756 3884 post
774 3821 980 3890 aspernantium
999 3821 1049 3874 ΜΙ.
1143 3820 1145 3824 ’

260 3907 466 3977 conserebant
486 3909 537 3962 Me.
573 3911 612 3963 De
632 3913 809 3980 sequentibus
828 3915 861 3968 ei.
880 3917 1044 3975 Waltbcrus.
