2900 4724
446 317 520 380 tta
545 315 618 378 ΧΠ.
665 315 754 377 CAP.
779 319 915 388 39-4a
1141 321 1203 387 310

165 506 215 587 tus
234 495 331 560 libeas
353 501 473 576 cessit„
485 511 518 559 ut
540 502 681 562 vicesimo
694 502 800 561 aetatis
814 521 895 562 auno
914 501 1102 563 consulatum
1122 503 1245 564 uersu
1265 495 1361 568 ω’)

165 602 278 678 iniret,
312 619 403 688 atque
427 608 549 670 interim
577 610 749 691 designatus
788 609 1005 690 proconsulare
1039 609 1202 692 imperinm

165 721 248 772 extra
270 711 374 772 urbem
395 712 525 784 haberet
551 735 586 772 ac
623 715 761 795 princeps
791 714 956 777 iuventutis
982 689 1202 797 appellaretur.

165 815 322 877 Additum·
340 820 462 882 nomine
483 821 548 881 cius
565 821 743 882 donativum
765 820 863 898 militi,
884 824 1072 902 congiarium
1094 821 1203 904 plebei.

129 919 150 983 5
169 923 209 984 Et
230 921 347 986 ludicro
366 929 562 1004 circensium,
585 929 668 1011 quod
685 929 880 1012 acquirendis
899 931 981 1012 vulgi
1003 931 1108 992 studiis
1131 931 1203 992 ede·

167 1029 277 1107 batur,
301 1033 495 1098 Britannicus
513 1039 543 1096 in
565 1047 738 1118 praetexta,
762 1037 841 1098 Nero
860 1037 1092 1120 triumphalium
1119 1048 1203 1102 veste

167 1141 294 1200 travecti
314 1153 395 1201 sunt.
439 1139 739 1224 spectaretpopuius
759 1141 840 1204 hunc
862 1141 972 1204 decore
997 1143 1204 1224 imperatorio,

145 1245 252 1318 ‚iilum
273 1245 377 1326 puerili
400 1247 525 1336 habitu,
539 1270 575 1310 ac
596 1248 721 1330 perinde
748 1250 903 1310 fortunam
929 1249 1087 1330 utriusque
1113 1233 1204 1330 prae?

165 1365 306 1420 sumeret.
348 1353 445 1416 simut
478 1359 530 1437 qui
562 1357 776 1418 centurionum
803 1358 1060 1438 tribunorumque
1088 1375 1204 1418 sortem

112 1483 148 1524 ro
165 1461 333 1522 Britannici
361 1463 594 1538 miserabantur,
622 1463 731 1523 remoti
753 1463 830 1522 fictis
851 1464 968 1541 causis,
1003 1475 1033 1522 et
1066 1461 1118 1522 alii
1145 1485 1205 1544 per

165 1569 295 1651 speeiem
316 1570 447 1632 honoris.
489 1571 589 1632 Etiam
603 1570 784 1632 libertorum
806 1571 830 1631 si
851 1573 919 1652 quis
938 1574 1115 1650 incorrupta
1134 1571 1205 1647 fide,

165 1675 329 1759 depellitur
351 1677 404 1738 toli
425 1679 588 1744 occasione.
630 1678 725 1738 Obvii
743 1679 823 1738 inter
844 1698 876 1736 se
898 1676 975 1738 Nero
994 1675 1205 1738 Britannicum

168 1786 311 1862 nomine,
333 1785 384 1846 iiie
395 1786 562 1846 Domitium
579 1783 760 1846 salutavere.
805 1783 898 1860 Quod
919 1793 955 1844 ut
970 1783 1139 1845 discordiae
1150 1783 1205 1844 ini·

167 1895 244 1952 tium
266 1892 439 1973 Agrippina
465 1889 561 1950 multo
591 1903 700 1973 questu
730 1891 771 1952 ad
796 1892 939 1952 maritum
960 1894 1077 1956 defert:
1100 1892 1206 1974 sperni

111 2007 150 2073 15
169 2001 284 2082 quippe
316 2000 510 2081 adoptionem
519 2043 529 2074 ‚
561 2021 699 2083 quaeque
734 2001 906 2062 censuerint
936 2009 1060 2082 patres,
1085 1998 1206 2062 iusserit

79 2157 80 2160 ,
167 2107 323 2191 populus,
343 2109 425 2168 intra
447 2119 571 2188 penates
591 2108 756 2190 abrogari3
777 2130 812 2168 ac
832 2111 889 2168 nisi
909 2109 1043 2190 pravitas
1069 2117 1136 2169 tam
1157 2110 1206 2170 in-

166 2215 250 2276 fensa
265 2216 437 2276 docentium
448 2225 612 2317 (arceatur,
630 2227 775 2297 eruptura
795 2217 825 2275 iu
844 2215 998 2296 publicam
1018 2217 1204 2296 perniciem.

167 2323 345 2385 Commotus
366 2325 391 2382 is
410 2322 496 2403 quasi
517 2322 694 2382 criminibus
715 2322 866 2404 optimum
881 2343 1032 2404 quemque
1063 2321 1204 2384 educato·
1293 2389 1298 2398 ,

168 2453 231 2492 rem
254 2429 311 2492 filii
333 2431 437 2502 exsilio
457 2451 492 2490 ac
514 2443 612 2491 morte
638 2430 753 2505 afficit,
785 2430 930 2510 datosque
950 2451 968 2490 a
991 2449 1121 2492 noverca
1149 2452 1205 2492 cu·
1302 2417 1308 2426 ’

112 2538 284 2626 fflstodiae
305 2539 367 2598 eius
391 2540 532 2618 imponit.
554 2537 695 2598 Nondum
717 2548 819 2597 tamen
841 2557 958 2597 summa
979 2537 1078 2598 moliri
1096 2536 1205 2620 Agrip·

167 2649 239 2733 pina
263 2647 416 2726 audebat,
438 2651 470 2708 ni
489 2649 711 2730 praetoriarum
733 2645 908 2706 cohortium
926 2665 1000 2705 cura
1020 2644 1205 2706 exsolveren-

168 2759 337 2838 turLusius
350 2757 428 2816 Geta
438 2763 469 2814 et
480 2753 585 2814 Rufius
598 2753 769 2834 Crispinus,
781 2769 855 2831 qnos
866 2749 1046 2810 Messalinae
1055 2770 1206 2812 memores

169 2879 199 2930 et
212 2867 317 2928 liberis
328 2867 394 2926 eius
404 2865 562 2926 devinctos
570 2862 721 2926 credebat.
742 2862 841 2944 igitur
853 2858 981 2920 distrahi
994 2857 1133 2920 cohortes
1145 2879 1205 2919 om·

168 2975 235 3036 bito
257 2975 409 3044 tinorum,
434 2982 465 3034 ct
496 2972 520 3032 si
541 2973 580 3032 ab
611 2991 672 3030 nno
698 2979 896 3052 regerentur,
923 2965 1120 3030 intentiorem
1140 2965 1206 3028 fora
1282 2991 1284 2998 ·

110 3087 152 3152 25
169 3081 360 3163 disciplinam
375 3091 566 3140 asseverante
591 3100 705 3154 uxore,
729 3077 910 3138 transfertur
937 3075 1071 3158 regimen
1101 3074 1206 3136 cohor·

169 3193 246 3252 tium
268 3191 305 3250 ad
326 3193 457 3250 Burrum
480 3185 660 3264 Afranium,
683 3183 821 3266 egregiae
839 3181 980 3258 militaris
998 3181 1107 3252 famae,
1129 3200 1205 3260 gna·
1255 3235 1261 3244 ,

170 3321 239 3360 rum
260 3310 362 3360 tamen
383 3297 469 3356 cuius
489 3303 599 3375 sponte
616 3275 844 3374 praeficeretur.
870 3290 966 3354 Suum
986 3286 1220 3369 quoqueiastin
1295 3315 1297 3322 ·

171 3408 252 3490 gium
268 3404 433 3488 Agrippina
454 3399 596 3462 extoliere
611 3400 718 3460 altius:
742 3407 888 3480 carpento
898 3393 1084 3476 Capitolium
1105 3394 1204 3476 ingre·

170 3514 219 3591 di,
241 3513 294 3594 qui
317 3535 381 3576 mos
401 3511 606 3574 sacerdotibus
628 3520 658 3568 et
678 3507 770 3569 sacris
794 3504 959 3586 antiquitus
979 3521 1137 3564 concessus
1157 3523 1206 3564 ve·

244 3781 284 3824 ιο,
301 3766 411 3818 remotis
429 3767 479 3818 Ma,
935 3792 938 3798 ·

242 3878 284 3918 aa.
302 3857 407 3931 nufias]
427 3859 500 3910 Infra
517 3859 595 3918 xlll,
615 3857 656 3924 45.
675 3853 751 3916 XVI,
782 3872 819 3926 ¹7·
839 3856 883 3909 Μι
900 3853 984 3930 rufi,
1006 3853 1107 3924 rosus3
1139 3853 1202 3920 XV,

175 3972 217 4022 7¹·
235 3955 311 4020 xm,
334 3973 371 4026 ¹7·
390 3961 457 4012 extr.
472 3955 593 4019 rulrius,
611 3951 737 4019 rofrium.
