2900 4724
239 301 301 366 ero
642 299 860 384 urrinnai

93 472 120 544 (ι
134 472 366 566 &largior-iam
385 484 476 544 victo.
515 479 649 554 Vocatus
673 487 784 566 quippe
802 491 839 544 ut
858 481 898 544 ad
921 483 1036 564 insigne
1061 479 1264 566 spectaculum

235 592 375 680 populus.
418 591 535 654 Stetere
555 592 585 652 in
608 593 699 652 armis
722 591 890 672 praetoriae
916 591 1054 654 cobortes
1082 611 1188 672 campo
1210 589 1262 670 qui

235 711 335 764 castra
355 700 517 782 praeiacet.
561 699 649 759 Tunc
671 698 881 760 incedentibus
905 699 996 780 regiis
1020 695 1168 759 clientulis
1187 675 1263 780 pha·

235 805 318 868 lerae
339 815 543 888 torquesque,
566 823 702 886 quaeque
723 803 810 866 bellis
832 807 961 866 externis
974 807 1177 886 quaesiverat,
1198 814 1262 864 tra·

236 912 346 992 ducta3
367 933 437 974 mox
448 913 558 976 fratres
572 924 602 976 et
622 897 750 974 coniunxi
764 891 800 974 et
814 912 885 988 tilia,
908 923 1058 992 postremo
1072 915 1136 994 ipse
1158 922 1259 973 osten·
1277 908 1298 971 5

235 1031 327 1084 tatus.
377 1020 559 1100 Ceterorum
592 1041 695 1102 preces
725 1019 892 1101 degeneres
922 1021 1005 1079 fuere
1036 1039 1071 1080 ex
1099 1028 1204 1080 metu:
1231 1027 1264 1078 at

234 1147 297 1190 oon
320 1127 506 1195 Caractacus,
521 1137 575 1188 aut
595 1127 682 1188 vultu
712 1126 840 1188 demisso
865 1138 917 1188 aut
939 1127 1042 1196 verbis
1062 1123 1264 1187 misericordi-

163 1269 171 1323 j
236 1257 287 1296 am
322 1227 510 1316 requirenss
545 1234 610 1296 Ubi
644 1233 790 1296 tribunali
821 1236 932 1302 astitit,
965 1236 996 1294 in
1025 1235 1106 1296 hunc
1137 1222 1321 1300 modumss'l

235 1343 352 1405 locutus
373 1354 429 1404 est.
471 1341 551 1419 „Si,
575 1354 688 1424 quanta
714 1341 856 1404 nobilitas
875 1353 905 1402 et
930 1342 1051 1404 fortuna
1084 1343 1158 1402 mihi
1181 1341 1262 1413 luit,

234 1456 320 1512 tanta
341 1471 442 1512 rerum
463 1471 681 1532 prosperarum
708 1451 872 1512 moderatio
896 1452 1017 1527 fuisset,
1046 1451 1158 1510 amicus
1187 1451 1265 1530 poti·
1287 1461 1324 1504 ro

236 1581 273 1620 us
294 1557 324 1616 in
346 1557 425 1618 hanc
445 1559 556 1620 urbem
579 1577 670 1639 quam
694 1569 799 1638 captus
819 1560 985 1636 venissem,
1008 1565 1105 1640 neque
1120 1555 1265 1638 dedigna-

235 1676 285 1726 tus
307 1685 384 1726 esses
408 1661 499 1726 claris
518 1665 685 1726 maioribus
709 1677 828 1739 ortum,
850 1665 986 1748 pluribus
1008 1667 1146 1749 gentibus
1170 1668 1265 1748 impe·

236 1774 380 1836 ritantern
402 1771 524 1836 suadere
557 1774 643 1857 pacis
668 1776 811 1855 accipere.
866 1773 1015 1836 Praesens
1044 1795 1109 1835 sors
1138 1795 1211 1840 ineax
1233 1783 1268 1834 ut

234 1881 311 1944 mibi
332 1879 486 1957 informis,
506 1881 549 1940 sic
572 1879 629 1941 tibi
652 1881 809 1962 magnifica
838 1889 891 1941 est.
935 1879 1038 1940 Habui
1069 1899 1162 1961 equos
1184 1879 1266 1940 viros

236 2010 320 2052 arma
340 2009 422 2070 opes.
465 1989 549 2066 Quid
570 1991 697 2064 mirum,
719 1991 743 2048 si
762 1987 837 2048 haec
852 1988 965 2048 invitus
985 1987 1092 2047 amisi?
1112 1986 1209 2060 Nam,
1236 1973 1272 2046 si·
1289 1985 1327 2048 t5

236 2119 291 2158 vos
314 2095 455 2156 omnibus
474 2094 646 2175 imperitare
667 2090 777 2165 vultis,
800 2092 949 2174 sequitur,
975 2103 1009 2152 ut
1038 2112 1143 2152 omues
1165 2090 1266 2152 'servi-

235 2214 332 2264 tutem
353 2203 524 2282 accipiaut?
551 2199 584 2260 si
613 2201 712 2259 statim
739 2197 858 2258 deditus
887 2197 1042 2274 traderer,
1073 2215 1170 2280 neque
1200 2218 1267 2258 mea

237 2311 361 2372 fortuna
383 2327 481 2390 neque
500 2315 552 2366 tua
576 2303 671 2388 glorie
694 2303 889 2367 inclaruisset.
929 2306 970 2367 Et
995 2306 1174 2388 supplicium
1207 2307 1266 2365 mei

236 2414 350 2476 oblivio
371 2425 566 2496 sequeretur:
590 2423 621 2472 at
645 2415 670 2474 si
692 2411 875 2474 incolumem
898 2415 1085 2498 servaveris,
1108 2423 1274 2475 aeternum*

237 2521 391 2604 exemplar
409 2523 583 2584 clementiae
603 2521 685 2582 ero.''
716 2522 768 2584 Ad
788 2545 823 2585 ea
836 2523 948 2590 Caesar
969 2526 1087 2589 veniam
1105 2526 1219 2606 ipsique
1237 2531 1268 2584 et
1285 2550 1327 2590 20

182 2682 185 2686 .
237 2630 358 2711 coniugi
375 2641 405 2692 et
427 2631 573 2692 fratribus
586 2631 704 2692 tribuit.
725 2629 828 2712 Atque
838 2630 882 2690 illi
896 2629 1001 2692 vinclis
1014 2631 1143 2692 absoluti
1159 2633 1267 2712 Agrip·

237 2739 340 2822 pinam
363 2757 485 2820 quoque
510 2735 594 2798 haud
615 2734 724 2818 procul
745 2734 804 2794 alio
824 2745 964 2816 suggestu
987 2737 1201 2816 conspicuam,
1225 2738 1266 2797 is,-

236 2849 305 2916 dem
327 2847 438 2930 quibus
459 2848 624 2928 principem
646 2844 786 2906 laudibus
807 2845 1002 2926 gratibusque
1026 2847 1158 2904 venerati
1188 2855 1268 2910 sunt.
1294 2899 1295 2903 ,

237 2955 355 3016 Novum
387 2965 510 3015 sancet
539 2953 674 3014 moribus
695 2963 833 3012 veterum
865 2951 1018 3010 insolitum
1056 2951 1198 3012 feminam
1226 2955 1266 3012 si-

77 3093 80 3100 ·
152 3048 154 3052 ¹
237 3064 305 3145 guis
340 3063 483 3133 Romanis
515 3060 710 3144 praesidere:
742 3062 806 3140 ipsa
829 3069 923 3118 semet
951 3059 1029 3138 parti
1052 3081 1071 3120 a
1103 3060 1266 3122 maioribus
1284 3074 1327 3134 25

214 3172 299 3231 1suis
319 3170 436 3250 imperii
451 3169 568 3230 sociam
588 3153 713 3228 serebat.
758 3164 865 3224 Vocati
886 3163 1012 3244 posthac
1042 3173 1147 3246 patres
1171 3165 1324 3252 multa38

238 3287 269 3338 et
300 3277 458 3357 magnifica
489 3294 582 3354 super
606 3274 781 3352 captivitate
817 3272 972 3332 Caractaci
993 3272 1183 3351 disseruere,
1213 3298 1266 3336 ne·

240 3399 313 3410 ...ιο--
346 3395 523 3409 -φ--Μ

231 3501 235 3513 ,
325 3446 348 3496 3.
358 3441 453 3512 finiere
472 3440 616 3512 torquibus
634 3455 759 3510 quaeque
779 3437 829 3488 Ma,
850 3438 920 3494 idem
944 3442 981 3491 13.
998 3453 1100 3508 pacem.

311 3533 350 3587 rb.
370 3533 398 3585 st
418 3533 536 3586 Medicei
549 3533 719 3600 aliorumque
736 3532 860 3582 codicum
878 3531 1037 3601 scripturam
1054 3550 1117 3583 iram
1136 3538 1271 3590 tenemus,

239 3644 319 3681 mura
339 3627 437 3695 prioris
458 3626 679 3694 interrogationis
700 3623 740 3678 ita
756 3627 888 3688 allartus,
905 3635 937 3676 ut
952 3641 1038 3677 novae
1059 3626 1265 3694 interrogationi

238 3724 372 3795 particula
390 3722 505 3774 causalis
524 3730 716 3792 praeponatur.
753 3723 902 3774 Praestaret
920 3719 992 3770 baud
1019 3720 1104 3774 dubie
1123 3739 1169 3772 nn.
1198 3721 1266 3770 Vul-

237 3820 295 3889 gari
312 3817 504 3886 interpolatori
527 3813 643 3868 debetur
671 3833 741 3881 non,
770 3816 844 3887 quod
865 3816 1003 3884 Agricolae
1032 3815 1118 3870 codex
1147 3815 1270 3884 praebet..

240 3933 304 3969 naun
323 3911 576 3981 traiecitbipsiur.
