2862 4726
167 309 229 373 236
530 377 533 382 Ι
605 306 829 366 ANNALlUM

73 525 75 530 .
164 486 250 534 libera
273 491 300 536 et
321 486 425 554 egregia
446 483 569 535 defensio
590 486 700 542 inserta,
737 485 813 535 Lucii
841 485 943 535 Pisonis
972 485 1206 550 praeteriturus

164 597 235 630 rnors
257 588 285 630 et
303 581 402 640 fernus,
422 587 449 628 et
469 594 517 646 per
542 580 711 628 occasionem
741 579 775 630 de
804 579 999 646 origiue'eius
1026 581 1145 630 muneris
1174 589 1202 630 et

163 691 316 743 progressu.
353 674 393 722 De
413 671 583 722 Sibullarum
603 670 771 721 carminibus
790 671 954 740 recipiendis
969 667 1151 734 consultatio,
1173 681 1201 722 et

164 785 235 833 quae
255 772 282 818 in
303 769 337 816 iis
357 767 456 816 cautio.
496 765 603 816 Seditio
623 765 722 818 Romae
741 769 776 814 ob
795 767 952 832 gravitatem
970 783 1102 818 annonae.
1128 767 1199 818 Ger—

164 863 265 912 manioi
287 863 358 912 ‹lrsae
373 861 446 910 tiliae
463 867 579 927 nuptum
601 859 679 910 datae
700 859 896 932 LucioCassio
915 867 943 912 et
966 861 1057 912 Marco
1083 861 1201 911 Vinicio.

163 957 342 1008 Funeratores
371 957 506 1020 accersati;
539 969 676 1024 repressae
700 971 815 1020 usurae3
840 963 868 1006 et
889 955 1204 1010 liberalitasecaesaas
1246 996 1249 1002 .

165 1047 232 1097 ficies
251 1050 397 1102 multorum
426 1050 535 1102 relecta.
581 1051 682 1099 lterum
706 1051 894 1102 accusationes
913 1053 1080 1116 maiestatis,
1101 1059 1128 1102 et
1145 1043 1202 1102 uuo

166 1143 256 1194 edicto
275 1161 368 1198 omues
391 1145 492 1195 conscii
503 1144 665 1194 Seianianae
687 1146 884 1196 coniurationis
903 1149 1003 1198 necati.
1026 1147 1111 1199 Gaius
1132 1149 1202 1201 Cae-

165 1254 207 1286 sar
225 1237 348 1306 Caligula
369 1239 511 1290 Claudiam
532 1221 642 1318 oporam
660 1239 765 1306 accipit
803 1241 866 1290 Eius
885 1256 973 1292 mores
998 1251 1027 1294 et
1044 1243 1143 1295 callida
1163 1245 1202 1292 si-

164 1332 281 1402 mulatio
300 1336 329 1384 iu
347 1351 433 1384 avum.
477 1333 585 1384 'l'iherii
611 1337 779 1404 praesagium
802 1335 835 1385 de
865 1335 958 1386 Servio
984 1337 1087 1401 Galba,
1107 1345 1135 1389 et
1152 1355 1202 1406 per

166 1441 273 1476 cansam
292 1444 349 1478 eam
370 1428 405 1479 de
424 1428 625 1480 mathematicis
645 1430 752 1500 aliquid
770 1437 797 1480 et
824 1429 979 1481 Thrasullo.
1023 1433 1106 1484 Drusi
1132 1404 1202 1486 Ger:

122 1545 127 1556 ’
166 1526 265 1576 manici
285 1526 336 1576 filii
355 1527 509 1578 miseranda
528 1544 620 1589 mors,
640 1529 706 1578 item
722 1527 893 1595 Agrippinae.
928 1527 1017 1580 Nerva
1034 1530 1205 1580 iureconsul-

167 1631 212 1672 tus
232 1624 323 1674 inedia
344 1625 498 1676 voluntaria
518 1625 598 1680 obiit.
636 1626 748 1694 Aliquot
774 1625 889 1674 aliorum
917 1623 1065 1674 illustrium
1095 1631 1221 1701 mortes.¹

166 1717 287 1768 Phoenix
311 1720 339 1770 in
359 1719 481 1789 Aegypto
499 1722 556 1771 visa
570 1760 576 1781 ‚
588 1733 589 1736 ’
601 1727 628 1770 et
647 1735 728 1788 snper
747 1735 776 1769 ea
798 1729 918 1771 veterum
931 1705 1099 1771 narrationes
1119 1735 1149 1768 ac
1163 1723 1208 1770 iu-

167 1811 245 1870 dicia.
265 1817 455 1866 decusationes
474 1817 566 1866 variae
586 1824 613 1865 et
631 1822 731 1866 mortes
756 1805 937 1866 'Parthorum'
952 1809 1034 1882 legati
1060 1816 1090 1864 in
1110 1814 1205 1864 urbem

165 1922 264 1956 venere
284 1908 437 1982 ad'uorum
457 1925 546 1978 regem
569 1895 726 1976 petendum.
762 1910 795 1959 Et
817 1909 946 1960 Tiberius
972 1926 1077 1968 unum,
1103 1909 1205 1960 deinde

166 2003 282 2056 alteram
303 2003 387 2054 misit.
422 2004 521 2054 Lucius
539 2003 667 2053 Vitellius
687 2003 794 2054 Orienti
819 2004 992 2070 praefectus,
1021 2005 1135 2074 eiusque
1161 2006 1205 2053 in-

166 2103 287 2174 genium,
324 2100 426 2148 Praelia
451 2101 522 2148 iuter
539 2097 679 2149 Armenios
699 2106 727 2146 et
740 2097 859 2148 Parthos.
879 2097 1031 2148 Artabanus
1051 2114 1132 2166 regno
1152 2115 1199 2148 ex·

135 2254 139 2262 ,
167 2204 230 2244 irtus
255 2201 283 2241 ct
309 2194 337 2242 in
365 2191 502 2258 Scythiam
527 2191 676 2258 profugus,
697 2194 741 2240 cni
776 2191 919 2243 Teridates
947 2191 1076 2242 sufficitur
1095 2192 1204 2252 Vitellii

173 2290 287 2340 consilio
307 2296 335 2337 et
351 2286 440 2336 armis.
477 2287 512 2336 At
530 2285 627 2335 Romae
657 2285 806 2337 illustrium
834 2285 1023 2337 damnationes
1050 2295 1079 2336 et
1095 2294 1205 2337 mortes.

173 2383 263 2434 Clitse
280 2379 451 2448 Cappadoces
469 2381 523 2446 regi
554 2396 603 2429 suo
622 2379 738 2430 rebelles
762 2390 789 2432 ct
816 2383 939 2450 repressi.
988 2381 1131 2433 Ter-idates
1158 2399 1205 2432 rex

173 2477 288 2527 ‹liscidio
310 2489 449 2543 procerum
470 2474 599 2540 pellitur,
618 2482 646 2524 et
664 2476 818 2527 Artabanus
836 2477 865 2528 in
885 2494 998 2545 regnum
1016 2479 1114 2528 iterum
1132 2477 1206 2525 acei-

172 2581 224 2621 tnr.
261 2574 359 2622 Romae
379 2567 536 2642 incendium
557 2575 643 2631 atrox,
662 2572 737 2640 q'uod
759 2575 861 2626 Caesar
878 2571 1046 2638 iiberalitate
1064 2586 1114 2620 sua
1131 2569 1205 2620 miti-

171 2669 250 2734 gavit·
281 2664 388 2716 'liberii
406 2663 570 2716 deliberatio
591 2663 625 2713 de
644 2681 806 2733 suceessore;
821 2669 933 2737 eiusque
951 2661 1061 2717 morbus
1079 2670 1205 2734 etlmors.

238 2757 322 2818 ¹Gesta
340 2759 406 2812 haec
421 2764 500 2811 annis
511 2761 619 2812 circiter
629 2777 686 2822 sex,
705 2760 798 2814 Gnaeo
816 2763 939 2813 Domitio
947 2761 1038 2811 Marco
1052 2759 1135 2812 Furio
1153 2759 1205 2808 Ca-

171 2854 264 2915 millo,
291 2856 385 2904 Servio
404 2853 526 2920 Sulpicio
545 2853 632 2903 Galba
653 2857 736 2908 Lucio
758 2857 885 2908 Cornelio
905 2854 995 2918 Sulla,
1014 2853 1097 2906 Paulo
1117 2855 1204 2917 Fabio

172 2951 255 2998 larcio
266 2949 397 3009 Vitellio,
417 2947 486 2996 Gaio
509 2947 601 3000 Cestio
621 2950 702 3000 Gallo
719 2953 810 3028 Marco
840 2949 957 3004 Servilio
984 2949 1073 3012 Rufo,
1098 2949 1205 3018 Quinto

172 3042 278 3092 Plautio
300 3043 381 3092 Serto
399 3043 519 3116 Papinio,
539 3043 632 3096 Gnaeo
649 3046 795 3098 Acerronio
815 3045 883 3098 Gaio
899 3045 997 3098 Pontio
1018 3045 1187 3100 concidibus.

563 3207 807 3220 W

22 3323 315 3440 (a.u.785.)Gnaeus
349 3354 503 3416 Domitius
532 3367 561 3416 et
592 3355 736 3416 Camillus
769 3355 983 3424 Scribonianus
1015 3353 1210 3417 consulatum

25 3463 52 3530 (a
71 3463 322 3532 castinio-ant,
343 3483 412 3522 cum
433 3465 561 3538 Caesar,
586 3465 726 3522 tramisso
747 3461 828 3550 quod
859 3463 991 3541 Capreas
1012 3471 1043 3520 et
1074 3463 1206 3523 Surren-

172 3581 239 3630 tum
260 3568 399 3629 interluit
417 3557 504 3649 lecto,
526 3572 721 3652 Campaniam
741 3569 946 3649 praelegebat,
981 3569 1140 3651 ambiguus
1164 3591 1203 3629 au

172 3659 277 3736 urbem
299 3675 447 3754 intraret,
470 3701 544 3754 seu,
580 3675 651 3756 quia
682 3685 789 3736 contra
821 3673 1041 3750 destinaverat,
1073 3677 1203 3756 speciem
1241 3747 1245 3752 μ

116 3771 118 3778 s
173 3788 290 3844 verituri
307 3785 459 3847 simulans
503 3789 544 3847 Et
565 3806 652 3862 saepe
671 3789 703 3842 iu
722 3782 895 3862 propinqua
916 3782 1082 3864 degressus,
1105 3782 1242 3861 aditisg

184 3907 415 3922 --—·——·——

256 3961 280 4011 5.
306 3955 441 4028 digressus
460 3959 503 4009 M:
522 3958 664 4025 degressus
685 3955 829 4004 lii-nestius.
