2826 4730
262 341 321 409 tol
673 299 890 400 insum

111 543 139 602 (a
162 537 190 594 C,
204 527 356 605 autumari
379 521 463 583 nullo
482 507 638 582 sacrtnuin
672 523 809 600 damno,
832 534 948 605 quanto
983 522 1101 582 facilius
1125 521 1291 580 abfuturum

260 633 300 693 ad
323 634 412 692 unius
434 635 505 691 anni
534 633 750 714 proconsulare
772 631 956 712 imperinm?
987 612 1134 692 Primus*
1152 628 1224 689 olim
1256 627 1292 684 si·

259 726 437 800 multatibus
461 740 610 814 effectum,
636 753 674 806 nt
692 765 709 800 a
733 741 924 822 pontificibus
944 742 1081 800 maximis
1102 743 1150 800 ire
1170 740 1209 796 in*
1223 755 1291 816 pro-

258 850 370 911 vincias
392 849 654 930 prohiberentur:
678 873 761 910 nune
783 850 882 922 deum⁴
895 871 1022 910 munere
1044 867 1196 909 summum
1217 865 1291 926 pon.

256 957 370 1016 tificum
392 947 482 1018 etiam
525 979 676 1018 summum
711 959 871 1019 hominnm
911 979 996 1037 esse,
1034 979 1097 1018 non
1117 947 1122 962 '
1140 953 1309 1018 aemulati-5

255 1067 324 1140 oni,
348 1087 409 1124 non
437 1065 507 1126 odio
540 1075 593 1125 aut
615 1065 740 1146 privatis
771 1065 983 1126 affectionibus
1003 1065 1180 1125 obnoxium.
1233 1052 1335 1132 ild-59

255 1193 361 1234 versus
391 1197 470 1257 quae
504 1197 574 1234 cum
607 1197 707 1270 augur
738 1151 884 1236 Lentulus
913 1174 1025 1256 aliique
1056 1175 1141 1235 varie
1169 1173 1290 1232 dissere·

223 1270 227 1275 ⁵
254 1291 343 1358 rent,
365 1304 401 1342 eo
430 1283 591 1344 decursum
621 1295 682 1358 est,
713 1293 748 1342 ut
779 1281 929 1365 pontificis
963 1281 1086 1342 maximi
1114 1279 1290 1340 sententiam

254 1375 478 1470 opperirentur.
520 1392 665 1454 Tiberius
684 1390 779 1452 dilata
810 1391 934 1465 notione
971 1389 1010 1450 de
1042 1391 1109 1448 iure
1140 1389 1287 1455 flaminis,

222 1563 225 1570 Ι
253 1497 391 1558 decretas
411 1501 452 1570 ob
473 1499 670 1566 tribuniciam
682 1501 776 1560 Drusi
797 1491 975 1580 potestatem
999 1486 1199 1562 caerimonias
1219 1505 1290 1554 tem·
1312 1495 1338 1532 ¹⁰

252 1609 394 1688 paravit,
417 1613 599 1669 nominatim
619 1629 753 1690 arguens
773 1607 967 1668 insolentiam
987 1607 1155 1666 sententiae
1175 1624 1292 1664 aureas·

252 1705 311 1795 qne
339 1713 455 1776 litteras
485 1728 595 1778 contra
624 1721 756 1801 patrium
781 1734 908 1778 morem.
952 1715 1108 1774 Recitatae
1139 1722 1182 1803 et
1201 1711 1291 1770 Drusi

252 1823 413 1903 epistulae,
435 1844 610 1908 quanquam
631 1825 671 1885 ad
694 1824 873 1886 modestiam
888 1823 998 1898 flexae,
1030 1843 1087 1904 pro
1116 1819 1292 1904 superbissi-

250 1931 309 1990 mis
329 1935 533 2013 accipiuutur.
558 1935 625 1993 Huc
649 1935 796 1994 decidisse
818 1944 951 2010 cuneta,
971 1941 1007 1990 ut
1027 1953 1066 1991 ne
1086 1931 1205 1990 iuvenis
1225 1931 1291 2011 qui-

251 2039 322 2100 dem
343 2049 431 2102 tanto
453 2042 570 2102 honore
590 2055 714 2124 accepto
736 2041 834 2102 adiret
854 2041 941 2100 urbis
962 2039 1055 2114 deos,
1079 2039 1291 2122 ingrederetur
1311 2023 1338 2086 ¹5

158 2190 161 2196 ,
250 2156 411 2228 senatum,
432 2151 565 2232 auspicia
581 2149 705 2211 saltem
739 2147 853 2232 gentile
885 2147 967 2230 apud
1002 2147 1101 2208 solnm
1134 2121 1292 2230 inciperet.

248 2253 369 2314 Bellum
391 2255 528 2333 seilicet,
551 2267 604 2315 aut
624 2231 743 2316 diverso
769 2266 925 2315 terrarum
954 2253 1114 2334 distineri,
1136 2253 1240 2316 littora
1263 2263 1291 2314 et

248 2360 332 2420 lacus
367 2363 551 2445 Campaniae
582 2370 651 2424 cum
679 2365 807 2428 maxime
839 2375 1060 2446 peragrantem.
1111 2365 1162 2426 Sic
1194 2353 1290 2426 imbui

247 2478 399 2530 rectorem
422 2471 543 2554 generis
564 2470 689 2530 humani
701 2494 724 2550 31¹
737 2471 770 2532 id
791 2463 926 2552 primum
948 2491 967 2530 e
996 2472 1130 2552 paternis
1158 2469 1289 2532 consiliis

247 2575 376 2637 discere.
396 2577 475 2638 Sane
498 2589 680 2660 gravaretur
699 2589 855 2660 aspectum
875 2581 989 2642 civium
1010 2601 1097 2640 senex
1113 2581 1289 2662 imperator,
1307 2593 1339 2632 2⁰

247 2685 417 2768 fessamque
443 2667 573 2749 aetatem
608 2697 640 2748 et
668 2699 750 2748 actos
779 2686 900 2748 labores
925 2687 1156 2770 praetenderet:
1188 2689 1290 2748 Druso

245 2793 328 2874 quod
349 2795 408 2854 nisi
429 2815 464 2854 ex
492 2794 664 2874 arrogantia
683 2793 956 2874 impedimentum?

330 2901 390 2960 Sed
412 2896 557 2961 Tiberius
578 2901 641 2958 vim
662 2901 851 2981 principatus
880 2899 939 2960 sibi
974 2900 1097 2960 firmans
1127 2895 1338 2980 imaginemssl)

245 3009 438 3090 antiquitatis
459 3009 577 3068 senatui
603 3009 797 3088 praebebat,
817 3007 970 3088 postulata
992 3009 1226 3089 provinciarum
1248 3005 1287 3066 ad
1304 3020 1309 3092 J

244 3101 486 3197 disquisitionem
507 3129 635 3200 patrum
655 3117 815 3178 mittendo.
847 3117 1068 3178 Crebrescebat
1086 3119 1168 3176 enim
1192 3122 1289 3179 Grae·
1306 3106 1339 3167 ²5

244 3249 296 3288 cas
330 3247 385 3307 per
414 3226 504 3286 nrbes
536 3223 658 3286 licentia
697 3235 788 3306 atque
813 3225 978 3316 impunitas
1001 3220 1084 3304 asyla
1113 3223 1288 3300 statuendi3

244 3334 478 3416 complebantur
500 3332 613 3415 templa
627 3331 763 3414 pessimis
777 3333 976 3392 servitiorum
990 3353 999 3408 ;
1022 3327 1128 3390 eodem
1148 3331 1289 3392 subsidio

243 3442 382 3504 obaerati
414 3441 578 3504 adversum
606 3441 775 3502 creditores
805 3440 994 3518 suspectique
1020 3437 1200 3520 capitalium
1230 3441 1288 3500 cri·

243 3553 363 3612 minum
384 3551 627 3633 receptabanturs
670 3548 733 3606 Nec
764 3545 864 3604 ullum
892 3546 962 3604 satis
992 3545 1128 3609 validum
1158 3547 1288 3629 imperi·

242 3657 297 3718 um
317 3669 381 3720 erat
404 3654 580 3716 coercendis
599 3652 799 3714 seditionibus
825 3651 946 3734 populi,
984 3653 1097 3736 flagitia
1125 3653 1287 3716 hominum
1307 3647 1341 3708 30

240 3809 571 3824 υ--ι-..σ--ι-

329 3901 353 3952 5.
372 3897 559 3950 aemidatione
577 3894 625 3946 M:
646 3892 831 3946 aemulationi
850 3893 981 3949 Muretus.

328 4013 354 4064 9.
373 3991 470 4044 delata
489 3989 627 4043 notitione
645 3989 691 4058 M3
711 3991 832 4044 correxit
850 3989 1007 4055 Beroaldus.
1055 4025 1060 4036 t
1098 4013 1100 4017 ·
