2900 4724
667 237 892 350 suunuuu
970 369 974 377 ,

33 473 35 490 i
107 477 528 554 (seit-trummacum,
550 475 712 534 obtinuere
730 479 849 550 patres3
871 469 923 548 qui
953 468 983 524 in
1008 461 1152 545 palatium
1185 457 1225 518 ob
1254 441 1293 514 td'

258 587 457 660 vocabantur,
494 592 529 641 ut
550 589 662 640 astaret
680 575 794 636 obditis
814 594 831 632 a
850 583 938 652 tergo
952 568 1066 628 foribus
1084 565 1151 658 reio
1172 551 1286 624 discre-

200 707 203 713 '
257 709 309 773 ts,
335 692 417 776 quod
437 692 536 752 visum
556 694 692 761 arceret,
715 657 836 742 auditus
872 700 932 738 non
957 677 1116 736 adimeret.
1160 673 1289 750 Quinet

258 803 363 886 legetis
386 800 602 862 Armeniorum
623 812 744 854 causam
766 790 862 870 gentis
889 785 968 866 apud
995 785 1142 844 Neronem
1169 780 1287 840 oranti-

258 914 340 988 bus,
363 905 525 970 escendere
545 910 717 980 suggestum
738 893 932 974 imperatoris
952 901 982 948 et
1001 887 1172 968 praesidere
1198 884 1286 944 simul
1308 863 1325 924 5

164 1006 167 1012 ’
258 1018 400 1104 parabat,
417 1015 474 1074 nisi
504 1007 612 1071 ceteris
639 1023 755 1086 pavore
789 987 892 1060 defixis
924 997 1035 1056 Seneca
1063 993 1287 1062 admonuisset.

257 1125 389 1188 venienti
408 1119 499 1182 matri
517 1121 698 1179 occurreret.
741 1109 787 1168 lta
810 1105 909 1187 specie
926 1102 1047 1184 pietatis
1067 1101 1189 1160 obviam
1205 1102 1289 1162 itum

257 1232 408 1296 dedecori.
927 1291 933 1304 Ι
982 1199 984 1202 ¹

340 1339 418 1397 Fine
453 1333 523 1394 anni
576 1326 706 1388 turbidis
746 1322 930 1384 rumoribus.
959 1317 1131 1400 prorupisse
1165 1311 1316 1389 rursumss
1416 1365 1417 1394 ,

259 1445 386 1506 Parthos
404 1427 437 1502 et
455 1439 522 1520 rapi
543 1435 722 1496 Armeniam
742 1429 867 1491 allatum
887 1437 948 1502 est,
983 1424 1069 1505 palso
1099 1419 1283 1494 Radamisto,
1312 1456 1345 1494 ,ο
1416 1397 1417 1400 ¹

258 1554 310 1634 qui
327 1571 413 1632 saepe
435 1545 521 1629 regni
545 1542 609 1602 eius
630 1541 765 1621 potitus,
788 1537 857 1596 dein
882 1533 1046 1626 profugus,
1075 1539 1144 1590 ,tum
1165 1547 1289 1608 quoque

258 1659 371 1719 bellum
404 1655 589 1718 deseruerat.
638 1644 733 1724 Igitur
770 1642 802 1702 in
848 1639 925 1698 urbe
968 1654 1143 1696 sermonum
1172 1630 1290 1708 avida,

259 1733 514 1847 duemadmodum
546 1754 689 1838 princeps
714 1748 763 1811 vix
794 1735 999 1827 septendecim
1030 1762 1125 1802 anuos
1157 1726 1292 1820 egressus
1334 1756 1337 1762 ·

254 1871 409 1952 suscipere
429 1889 494 1928 eam
515 1863 625 1925 molem
649 1869 702 1919 aut
732 1855 907 1939 propulsare
934 1861 1052 1934 posset,
1081 1850 1163 1930 quod
1192 1847 1291 1906 subsi-
1360 1873 1365 1882 ¹

261 1980 343 2040 dium
367 1981 397 2036 in
418 1997 471 2046 eo,
494 1975 546 2054 qui
562 1992 587 2030 a
604 1969 716 2028 lentina
729 1975 912 2046 regeretur,
935 1981 1009 2020 num
1029 1956 1146 2040 praelia
1169 1975 1291 2036 quoque
1316 1956 1346 2018 ιδ

259 2097 290 2146 et
312 2083 552 2164 oppugnationes
583 2075 705 2136 urbium
728 2083 757 2132 et
777 2083 876 2130 cetera
899 2069 969 2130 belli
990 2088 1046 2148 per
1061 2065 1217 2144 magistros
1238 2063 1295 2122 ad-

261 2188 424 2252 ministrari
447 2192 587 2265 possent,
618 2177 831 2260 acquirebant.
883 2175 994 2234 Contra
1018 2173 1068 2234 alii
1093 2171 1202 2232 melius
1225 2191 1314 2232 eve-.

262 2303 338 2358 nisse
362 2295 532 2366 disserunt,
553 2281 644 2368 quam
658 2289 688 2344 -si
710 2283 858 2363 invalidus
880 2293 998 2343 senecta
1017 2293 1049 2342 et
1072 2282 1188 2363 ignavia
1209 2277 1296 2336 Clau·

262 2406 336 2464 dius‘
348 2401 471 2461 militiae
492 2393 671 2454 adlabores
694 2402 873 2467 vocaretur,
892 2389 1051 2450 servilibus
1073 2391 1157 2450 iussis
1177 2386 1296 2449 obtem·

263 2520 430 2597 paraturus.
450 2506 582 2562 Burrum
605 2512 707 2560 tamen
724 2510 753 2560 et
770 2499 917 2560 Senecam
938 2497 1101 2558 multarum
1123 2481 1226 2560 rerum
1245 2515 1291 2554 ex·
1309 2520 1343 2560 20

263 2613 411 2697 parientia
429 2611 579 2690 cognitos3
593 2592 626 2667 et
651 2609 826 2693 imperatpri
844 2616 991 2687 quantum
1012 2603 1049 2663 ed
1067 2601 1162 2664 robur
1179 2602 1297 2680 deesse,

265 2713 334 2781 cu'rn
357 2727 464 2780 octavo
486 2715 602 2774 decimo
620 2714 835 2784 aetatisanno
867 2713 990 2770 Gnaeus
1013 2709 1191 2788 Pompeius,
1213 2733 1296 2771 nono

267 2827 382 2886 decimo
405 2803 513 2884 Caesar
531 2821 716 2880 Octavianus
737 2817 835 2876 civilia
858 2817 936 2876 bella
968 2818 1184 2878 sustinuerint?
1225 2818 1295 2878 Ple-

267 2953 363 3022 raque
385 2931 416 2988 in
438 2949 554 2988 summa
574 2927 694 2984 fortuna
716 2925 855 3003 auspiciis
883 2934 913 2982 et
940 2922 1073 2982 consiliis
1102 2945 1193 3005 quam
1224 2925 1294 2987 telis

267 3048 296 3095 et
318 3035 456 3094 manibus
477 3034 548 3113 geri.
589 3033 737 3090 Daturum
771 3031 863 3111 plane
891 3030 1132 3108 documentum,
1160 3015 1293 3091 honestis
1311 3031 1345 3090 25

265 3164 304 3202 an
326 3161 409 3202 secus
430 3138 532 3200 amieis
550 3148 711 3213 uteretur,
732 3139 756 3196 si
779 3137 886 3194 ducem
908 3147 1006 3196 amota
1029 3137 1142 3197 invidia
1173 3143 1291 3221 egregi-

271 3269 334 3322 uur,
355 3264 445 3328 quam
468 3245 492 3302 si
511 3245 707 3323 pecuniosum
723 3252 753 3302 et
773 3243 871 3320 gratia
890 3243 1050 3301 subnixum
1072 3263 1125 3323 per
1145 3247 1293 3308 ambi-tum

269 3354 421 3433 deligeret.
449 3349 529 3409 Haec
550 3359 641 3432 atque
656 3349 726 3408 talia
738 3347 944 3428 vulgantibus,
959 3349 1038 3408 Nero
1057 3361 1088 3409 et
1111 3353 1318 3446 iuventutenp
1414 3375 1415 3382 ¹

269 3462 417 3540 proximas
438 3477 491 3537 per
511 3457 679 3536 provincias
700 3457 864 3536 quaesitam
893 3455 1072 3536 supplendis
1093 3460 1231 3520 Orientis
1250 3459 1294 3522 le.

183 3583 185 3588 ’
269 3553 612 3646 giouibus'admovere,
645 3561 834 3642 legionesque
863 3563 941 3642 ipsas
968 3563 1093 3643 propius
1122 3566 1294 3628 Armeniam
1312 3578 1344 3637 30

358 3805 381 3839 s·
401 3784 500 3838 obditis
521 3793 547 3835 et
566 3799 627 3836 mox
641 3779 751 3834 auditus
775 3780 899 3848 Lipsius:
917 3779 1023 3834 codices
1037 3745 1137 3836 abditis
1155 3771 1182 3835 et
1196 3783 1292 3838 aditus.

344 3897 385 3950 ²9·
405 3877 562 3950 regionibus
579 3877 629 3934 Μι.
647 3874 720 3926 idem
739 3891 800 3926 mox
817 3875 950 3929 Iocclrum:
969 3878 1129 3932 Antiochum
1147 3879 1261 3950 Lipsius.
