2900 4724
422 341 425 348 =
446 323 523 386 sta.
544 323 633 386 xnr.
671 324 924 426 'caree—ao.
1136 325 1218 389 ssa·

165 498 293 580 hrasset,
314 501 393 562 mori
411 499 535 564 adactus
554 512 608 584 est
632 502 712 564 Nero
732 512 833 563 autem
856 503 1048 566 metuentior
1062 505 1095 564 in
1113 507 1234 585 post-(e
1248 503 1342 585 Md)

105 632 107 637 ·
165 629 251 671 erum
282 609 393 670 milites
427 609 485 670 sihi
519 619 551 671 et
574 610 733 693 pleresque
766 610 950 692 gladiatores
977 608 1197 688 circumdedit,

112 715 117 724 ⁷
166 715 220 797 qui
241 717 375 776 rixarum
399 717 484 777 initia
513 718 631 778 modica
653 726 684 777 et
703 719 788 799 quasi
814 720 935 798 privata
956 720 1112 780 sinerent:
1133 720 1158 779 si
1179 741 1198 780 a
1253 755 1255 768 ι

165 820 252 886 laesis
274 819 404 882 validius
427 833 586 902 ageretur,
610 841 697 882 arma
721 823 906 884 inserebant.
948 823 1111 884 Ludicrarn
1125 844 1188 906 qno

130 927 229 1011 hque
251 928 401 990 licentiam
424 939 454 988 et
473 928 606 990 fautores
627 927 807 989 histrionum
830 929 962 992 velutin
991 929 1104 1011 praelia
1124 951 1199 992 con·

80 1029 83 1035 ’
167 1038 261 1098 vertit
280 1037 460 1119 impunitate
486 1047 515 1096 et
538 1039 696 1120 praemiis,
719 1047 814 1120 atque
835 1040 899 1120 ipse
923 1036 1060 1098 occultus
1081 1045 1111 1098 et
1131 1035 1201 1118 ple·

165 1163 294 1227 rumque
312 1163 416 1223 coram
436 1155 656 1225 prospectans,
680 1143 776 1206 donec
797 1145 926 1208 discordi
947 1145 1058 1227 populo
1079 1149 1109 1206 et
1128 1157 1197 1226 gra·

166 1251 259 1314 tiaris
280 1258 379 1311 molus
408 1227 525 1311 tencre
553 1269 614 1310 non
643 1247 725 1311 aliud
759 1254 929 1314 remedium
957 1263 1109 1333 repertum
1132 1261 1194 1328 est,

162 1377 255 1440 quum
274 1370 309 1420 ut
324 1357 485 1420 histriones
508 1357 594 1420 ltalia
617 1357 808 1440 pellerentur
820 1359 966 1442 milesque
986 1360 1108 1420 theatro
1127 1375 1198 1420 rur·

112 1485 148 1526 ro
165 1486 232 1527 sum
252 1465 406 1528 assideret.

106 1561 167 1642 26¹
247 1569 309 1629 Per
328 1568 409 1628 idern
430 1579 552 1648 tempus
573 1579 673 1630 actum
693 1569 724 1628 ln
745 1579 849 1632 senatu
875 1567 913 1630 da
927 1563 1086 1631 fraudibus
1106 1569 1197 1632 liher-

165 1685 266 1735 torum
287 1673 562 1754 efflagitatumque,
582 1685 617 1734 nt
637 1673 783 1735 adversus
808 1671 887 1734 male
907 1677 1031 1736 meritos
1050 1697 1215 1739 revocans·

166 1779 225 1842 dae
245 1779 393 1841 libertatis
412 1782 459 1840 iu's
479 1782 613 1861 patronis
635 1779 768 1846 daretur.
808 1779 872 1840 Nee
900 1779 1029 1842 deerant
1050 1784 1103 1865 qui
1125 1804 1197 1846 cen-

165 1895 277 1950 serent.
319 1887 379 1948 Sed
402 1863 538 1948 consules
560 1885 737 1947 relationem
760 1885 892 1968 incipere
921 1893 1069 1951 nou'ausi
1092 1894 1197 1973 ignaru

109 1995 147 2062 ¹5
165 1997 323 2078 principe,
357 1995 559 2077 perscripsere
578 2006 678 2056 tamen
700 2011 878 2056 consensum
909 2005 1048 2076 senatus,
1075 1994 1125 2058 ille
1156 2017 1196 2060 au
1286 2008 1287 2012 ’

165 2115 274 2167 auctor
293 2105 517 2166 constitutionis
548 2103 633 2164 lieret
662 2114 697 2164 ut
721 2103 801 2162 inter
828 2123 938 2184 paucos
970 2105 996 2164 ei
1029 2107 1196 2166 sententiae

160 2213 326 2292 ‚adversust
356 2211 537 2292 quibusdam
565 2209 704 2270 coalitam
733 2205 873 2269 libertate
899 2211 1130 2272 irreverentiam
1155 2231 1195 2273 eo
1236 2255 1238 2262 ·

163 2317 334 2401 prorupisse
355 2315 572 2392 frementibus,
604 2316 675 2377 vine
699 2337 738 2377 an
763 2333 862 2397 nequo
884 2336 955 2378 cum
983 2321 1119 2398 patronis
1147 2319 1196 2381 iu·

165 2449 200 2502 re
219 2435 365 2508 agerent,
388 2413 567 2486 sententiam
587 2443 693 2484 eorum
714 2419 938 2500 consultarent,
959 2443 994 2484 ac
1016 2425 1195 2490 verberibus

107 2556 147 2597 no
166 2553 273 2594 manus
292 2529 373 2590 ultr-o
394 2527 601 2604 intenderent,
621 2526 768 2608 impulere
789 2524 846 2600 uel
864 2548 994 2608 poenam
1020 2527 1195 2596 mandis·
1273 2533 1277 2542 '

164 2637 336 2698 suadentes.
357 2635 443 2712 Quid
462 2635 541 2694 enim
557 2632 639 2694 aliud
661 2633 743 2692 laeso
756 2642 886 2712 patrono
899 2647 1086 2713 concessum,
1102 2652 1194 2719 quam

163 2759 199 2808 ut
218 2743 396 2809 vicesimum
417 2741 498 2803 ultre
519 2741 650 2822 lapidem
670 2741 701 2799 in
731 2749 817 2797 oratn
839 2737 1021 2818 Campaniae
1049 2741 1193 2806 trba-tom
1218 2804 1220 2816 ,

164 2851 300 2934 releget?
324 2850 448 2910 Ceteras
472 2846 603 2907 actiones
622 2838 836 2927 promiscassset
855 2861 942 2923 pares
963 2865 1036 2912 esse.
1078 2849 1194 2909 Trina

165 2961 277 3022 endum
298 2958 420 3040 aliquod
441 2955 554 3033 telum,
581 2953 665 3038 quod
691 2954 796 3036 sperni
823 2963 960 3034 nequeat.
1010 2953 1073 3014 Nec
1102 2973 1193 3037 grave

106 3067 146 3134 25
165 3068 353 3131 manumissis
372 3086 429 3148 per
452 3063 534 3125 idem
553 3041 732 3144 obsequium
752 3060 902 3136 retinendi
922 3059 1113 3144 libertatem,
1134 3083 1193 3146 per

240 3287 281 3340 15.
302 3297 394 3344 tamen
411 3285 546 3338 maenium
561 3278 612 3336 Μ’.
1006 3327 1008 3334 ,

236 3385 276 3436 re.
294 3382 321 3434 ei
337 3379 553 3432 Freinshemius:
586 3375 629 3428 Mt
651 3385 684 3432 et·
712 3373 784 3430 iden
807 3393 848 3433 an.
872 3392 924 3430 cm.
948 3387 983 3433 ut.
999 3371 1110 3432 ibidem
1127 3391 1191 3430 een·
1259 3401 1262 3406 ¹

164 3479 287 3531 seriorum
304 3477 420 3529 coniecit
437 3473 553 3544 Lipsius.
826 3529 828 3536 Α
1048 3463 1050 3470 ’

237 3573 275 3623 rit.
295 3569 371 3642 vine]
393 3571 492 3622 Locum
511 3569 585 3620 hunc
616 3584 670 3620 non
695 3575 750 3618 tam
779 3568 932 3646 corruptum
958 3581 1015 3618 estc
1038 3567 1068 3618 ln
1095 3566 1189 3634 singu·

165 3669 201 3720 lis
220 3664 331 3718 vocibus
360 3679 441 3734 quarn
466 3660 562 3716 lacuna
586 3663 746 3734 impeditum
771 3643 875 3730 liquet,
900 3649 994 3731 itaque
1021 3660 1189 3715 emendando
1249 3735 1252 3742 Ι

167 3754 360 3812 abstinendum
378 3766 428 3810 est.
445 3760 478 3810 Et
498 3754 753 3832 praesumentibus
769 3768 797 3811 et
813 3767 875 3810 ante
893 3775 927 3810 ne
949 3754 1103 3810 verteribus
1119 3771 1189 3811 nott·

169 3855 245 3908 nulla
264 3853 391 3905 ridentur
408 3853 546 3905 excidisse.

238 3967 278 4003 ss.
299 3946 477 4018 Campaniam
496 3947 558 4010 ld·‚
577 3955 605 4001 st
619 3963 647 4017 p.
664 3946 731 4012 354,
749 3962 774 3999 a.
791 3935 907 3999 detrahi.

1009 4034 1048 4106 ts
