2826 4730
238 295 281 360 aa
646 289 861 355 ernanum
899 274 909 304 ²

86 487 113 556 (a
136 489 163 540 C.
177 477 307 562 17.)iunx
334 476 507 537 Germanici
528 473 699 558 Agrippina
721 477 909 541 fecunditate
924 501 960 540 ac
981 481 1060 542 lama
1070 481 1187 542 Liviam
1199 500 1271 546 uxo·
1299 463 1301 482 ,

232 605 297 644 rem
318 583 411 646 Drusi
437 583 650 668 praepellebat.
692 585 750 646 Sed
774 587 882 650 lratres
913 591 1032 671 egregie
1058 590 1222 652 concordes
1243 602 1288 675 et¹

235 690 448 771 proximorum
470 691 690 769 certamipibus
711 691 894 760 inconcussi.

314 797 375 860 Nec
397 799 492 858 multo
513 811 579 880 post
602 801 720 876 Drusus
741 802 773 882 io
802 770 1201 881 Illyricum'missusest,
1239 779 1319 864 ull

156 909 159 917 ‘
230 917 382 974 suesceret
403 890 528 970 militiae
547 908 707 991 studiaque
729 913 879 972 exercitus
898 919 1042 992 pararet3
1075 911 1165 972 simul
1187 890 1270 974 iure·
1284 898 1317 964 5Ὶ

205 1054 207 1062 =
230 1035 299 1076 nem
321 1015 439 1077 urbano
458 1016 529 1078 luxu
555 1018 761 1080 lascivientem
781 1016 888 1101 melius
913 1020 944 1078 in
968 1019 1073 1078 castris
1095 1017 1198 1079 baberi
1219 1020 1271 1080 Ti·

228 1119 342 1196 berius,
366 1145 457 1204 seque
477 1125 625 1186 tutiorem
652 1125 780 1186 rebatur
800 1133 933 1206 utroque
953 1122 1016 1186 filio
1039 1122 1172 1206 legiones
1194 1123 1270 1184 obti-

228 1239 332 1292 nente.
373 1231 434 1292 Sed
453 1234 546 1294 Suevi
563 1233 847 1314 praetendebantur
868 1231 1013 1292 auxilium
1034 1231 1178 1292 adversus
1191 1232 1271 1292 Che-

166 1412 170 1420 .
211 1358 330 1406 ,russos
348 1349 478 1402 orantes.
522 1339 600 1400 Nam
624 1338 755 1421 discessu
772 1340 1006 1414 ¹¹Romanorum,
1040 1358 1076 1398 ae
1110 1341 1198 1398 vacui
1221 1362 1268 1400 ex·

225 1452 315 1506 terno
337 1457 432 1522 metu,
453 1448 550 1528 gentis
571 1445 765 1508 assuetudine
788 1455 819 1504 et
839 1455 904 1504 tum
925 1440 1129 1504 aemulatione
1157 1443 1267 1526 gloriae
1281 1453 1315 1518 ¹⁰,

225 1521 623 1621 armaio⁵se1rerteraut.
665 1554 720 1630 Vis
750 1555 932 1644 nationum,
964 1553 1062 1612 virtus
1092 1551 1205 1612 ducum
1236 1555 1266 1612 iu

222 1683 344 1744 aequor
367 1663 419 1725 sed
441 1661 664 1729 Maroboduum
692 1664 771 1745 regis
802 1683 913 1724 nomen
944 1661 1076 1722 invisum
1109 1658 1190 1740 apud
1214 1679 1267 1740 po-

220 1771 351 1854 pulares,
377 1773 549 1838 Arminium
577 1784 634 1854 pro
669 1773 807 1839 libertate
828 1771 992 1834 bellantem
1016 1771 1103 1834 saror
1124 1767 1265 1834 habebat.

185 1869 187 1878 '
221 1881 320 1963 igitur
343 1903 404 1946 nou
430 1881 520 1945 modo
542 1881 690 1949 Cherusci
710 1883 847 1964 sociique
876 1885 983 1944 eorum'
998 1923 1007 1954 ,
1040 1889 1126 1940 vetus
1161 1859 1331 1944 armi-45·

220 1985 383 2062 nii‘miles,
409 2007 565 2068 sumpsere
582 1987 717 2073 bellum,
746 1987 846 2074 sede
867 2007 962 2068 regno
995 1985 1087 2048 etiam
1119 1984 1264 2044 Marobo-
1281 1982 1314 2042 15

220 2093 274 2155 dui
297 2097 414 2161 Suevae
434 2107 552 2179 gentes,
573 2097 739 2164 Semnones
761 2117 796 2158 ao
818 2094 1033 2178 Longobardi,
1058 2091 1196 2156 defecere
1227 2093 1267 2154 ad
1393 2075 1394 2080 ἵ

190 2213 195 2220 “
221 2217 305 2262 eum:
348 2203 466 2282 Quibus
488 2203 606 2270 'additis
636 2203 859 2286 praepollebat,
887 2191 931 2280 ni
960 2201 1167 2284 Inguiomerus
1196 2221 1267 2260 cum

219 2320 314 2370 manu
335 2308 492 2404 ⁸clientium
512 2312 550 2371 ad
572 2311 796 2379 Maroboduum
822 2306 1007 2391 perfugisset,
1031 2329 1093 2372 nou
1114 2307 1204 2368 aliam
1226 2308 1267 2370 ob

222 2437 351 2480 causam,
374 2441 466 2502 quam
496 2421 567 2502 quia
591 2419 693 2480 fratris
716 2418 779 2488 filio
801 2417 901 2478 iuveni
924 2425 1052 2499 patruus
1071 2436 1159 2476 senex
1182 2425 1267 2497 pare·

222 2546 255 2586 re
286 2525 518 2608 dedignabatur,
567 2529 754 2608 Diriguutur
782 2526 881 2602 acies,
916 2525 982 2606 pari
1019 2525 1163 2605 utrinque
1197 2545 1263 2606 spe,
1277 2545 1316 2587 ao

223 2653 293 2712 nec,
315 2644 348 2696 ut
369 2634 442 2696 olim
465 2634 544 2716 apud
569 2637 755 2710 Germanos,
779 2636 865 2714 vagis
887 2633 1063 2694 incursibus
1083 2643 1136 2694 aut
1157 2631 1268 2694 disiec-

117 2739 121 2745 ’
224 2753 269 2802 tas
298 2727 531 2824 perseuerasse
569 2746 682 2832 quippe
703 2741 792 2821 longa
816 2740 990 2802 'adversum
1013 2762 1068 2802 nos
1089 2739 1195 2802 militia
1217 2742 1267 2800 in-

222 2864 382 2930 sueverant
402 2854 485 2934 sequi
507 2853 603 2933 sigua,
627 2849 769 2913 subsidiis
790 2851 921 2924 firmari,
937 2849 1018 2924 diota
1038 2851 1266 2930 imperatorum

223 2960 370 3040 accipere.
412 2962 459 3022 Ac
489 2971 563 3024 tuna
596 2959 754 3018 Arminius
777 2977 856 3038 equo
878 2955 1060 3018 collustrans
1079 2967 1210 3032 cuncta,
1232 2967 1267 3014 ut

224 3045 359 3148 quosque
378 3067 522 3130 advectus
546 3077 619 3142 erat,
643 3066 842 3144 reciperatam
870 3063 1043 3129 libertatem
1057 3087 1083 3137 ,r
1099 3065 1266 3124 trucidatas
1278 3069 1316 3132 25

223 3155 366 3258 legiones,
388 3174 607 3257 spolia'adhuc
637 3183 668 3235 et
692 3171 917 3235 telaRomanis
946 3173 1073 3260 derepta
1103 3171 1133 3230 in
1166 3175 1267 3231 mani-

222 3282 280 3344 bus
297 3281 467 3344 multorum
498 3282 697 3358 ostentabar3
732 3293 837 3342 contra
870 3284 1009 3363 fugacem
1041 3277 1268 3340 Maroboduum

205 3391 391 3475 ¹appellans,
413 3387 594 3472 praeliorum
617 3400 782 3470 expertem,
807 3389 978 3472 Hercyniae
1012 3387 1135 3463 latebris
1156 3387 1268 3473 defens

134 3501 138 3506 ’
223 3525 306 3579 snm,
327 3523 362 3562 ac
382 3519 451 3559 mox
471 3519 525 3579 per
545 3499 624 3558 dona
646 3509 676 3556 et
695 3495 862 3577 legationes
882 3499 1023 3580 petivisse
1044 3497 1174 3576 foedus,
1196 3519 1266 3578 pro·

203 3613 352 3674 'ditorem
374 3610 506 3691 patriae,
537 3604 699 3666 satellitem
722 3607 879 3688 Caesaris,
898 3605 981 3667 haud
1006 3607 1107 3668 minus
1138 3607 1264 3668 infensis
1281 3600 1328 3660 30·

223 3811 495 3830 ——-······-·-‘'''

530 3833 533 3841 ι

273 3953 336 3989 ,aa
355 3931 522 4006 deriguntur
537 3927 572 3980 M.
