2826 4730
332 310 336 318 ’
418 343 574 413 naun
619 295 899 420 circs-''ta'
960 323 967 348 '
1101 349 1159 421 tar
1246 424 1248 431 s

127 546 228 616 catttr,
250 539 365 599 iturum
380 549 413 598 ut
439 537 610 620 praeseutia
638 539 790 619 spectaret
810 533 1072 619 componeretq'ue.
1098 527 1192 622 neq,
1206 549 1238 608 c,
1255 551 1309 620 at.)
1365 613 1369 628 ‚

128 661 252 709 trevere
273 659 375 728 patres
398 655 468 706 vota
484 645 543 726 pro
559 645 659 706 reditu
671 649 734 706 eius
747 642 1041 732 supplicationesque
1063 645 1164 718 atalia
1388 623 1389 646 l

127 753 247 822 decora.
295 749 383 817 Solus
414 754 571 815 Dolabella
603 745 760 815 Cornelius
791 753 864 815 dum
897 751 1013 813 anteire
1046 729 1164 815 ceteros

128 876 235 948 parat,
261 865 425 924 absurdam
454 862 484 923 in
521 859 727 928 adulationem
753 883 932 945 progressus
961 862 1099 937 censuit,
1128 863 1164 922 ut

99 968 221 1034 bovans
251 970 459 1054 eCampania
488 966 604 1050 urbem
625 971 776 1036 introiret.
818 969 916 1053 igitur
942 978 1062 1030 secutae
1090 968 1163 1031 Cae·

127 1083 203 1142 saris
225 1080 364 1154 litterae,
388 1075 498 1162 quibus
523 1101 554 1141 se
583 1097 645 1140 non
674 1089 736 1140 tam
762 1095 893 1140 vacuum
921 1070 1018 1159 gloria
1042 1077 1164 1158 praedi*

128 1187 236 1266 cabat,
251 1199 285 1250 ut
308 1197 376 1270 post
402 1171 604 1248 ferocissimae
631 1197 734 1269 gentes
756 1189 940 1270 perdomitas
961 1195 1009 1247 tot
1027 1196 1163 1267 receptos
1212 1200 1215 1209 “

127 1297 158 1356 in
181 1299 306 1357 iuventa
329 1304 382 1356 aut
404 1303 519 1376 spretos
541 1290 728 1376 triumphos,
749 1294 809 1356 ia'm
828 1294 929 1356 senior
945 1295 1164 1379 peregrinatio-

128 1407 174 1484 uis¹
198 1396 390 1464 suburbanae
413 1403 502 1464 inane
519 1404 687 1483 praemium
708 1409 835 1484 peteret.

76 1489 126 1571 ld
210 1507 274 1570 Sub
295 1510 376 1590 idem
404 1521 540 1591 tempus,
561 1519 596 1572 ut
622 1531 702 1572 mors
730 1501 1014 1604 SulpiciiQuirinii'
1035 1504 1164 1590 publicis

128 1617 276 1696 exsequiis
296 1615 556 1695 frequentaretur,
580 1617 719 1697 petivita
738 1623 860 1688 senatu,
884 1613 965 1676 Nihil
979 1615 1017 1676 ad
1031 1627 1166 1678 veterem

128 1731 158 1782 et
179 1721 339 1803 patriciam
364 1718 570 1801 Sulpiciorum
592 1718 736 1782 familiam
753 1723 911 1800 Quirinius
931 1723 1099 1806 pertinuit,
1114 1743 1166 1785 or·
1230 1739 1235 1749 ’

126 1827 277 1909 tussapud
302 1827 504 1908 municipium
522 1831 715 1892 Lanuvium:
750 1832 804 1894 sed
838 1831 965 1914 impiger
988 1827 1113 1893 militiae
1136 1837 1167 1894 et

127 1937 251 2000 acribus
271 1935 444 1997 ministeriis
460 1935 651 2000 consulatum
674 1937 730 2001 sub
755 1940 826 2004 divo
850 1939 1007 2022 Augusto,
1030 1958 1099 2002 mox
1115 1959 1167 2002 ex·

79 2039 110 2101 15
129 2047 272 2130 pugnatis
293 2065 345 2126 per
365 2043 500 2110 Ciliciam
516 2046 799 2110 Homonadensium
823 2046 952 2112 castellis
967 2045 1094 2131 insignia
1108 2047 1168 2112 tri-

74 2211 78 2219 .
125 2152 232 2237 umphi
255 2152 401 2236 adeptus,
429 2159 576 2240 datusque
607 2169 716 2219 rector.
733 2155 810 2220 Gaio
836 2157 955 2218 Caesari
984 2154 1168 2218 Armeniam

126 2264 296 2341 obtinenti,
316 2265 474 2327 Tiberium
495 2281 617 2350 quoque
633 2267 733 2329 Rhodi
748 2279 885 2352 agentem
906 2263 1050 2328 coluerat.
1074 2258 1167 2343 Quod

126 2379 200 2433 tunc
217 2372 361 2455 patefecit
378 2377 408 2436 in
434 2385 541 2436 senatu
554 2421 563 2452 ,
575 2371 717 2460 ,laudatis
736 2377 767 2436 in
789 2397 821 2438 se
844 2369 949 2437 officiis
973 2383 1003 2435 et
1030 2371 1167 2436 incusato

128 2459 236 2542 Marco
257 2478 374 2562 Lollio,
396 2504 486 2564 quem
502 2494 675 2544 auctorem
697 2485 773 2545 Gaio
799 2483 919 2544 Caesari
950 2475 1112 2565 pravitatis
1135 2485 1168 2542 et

76 2604 111 2644 ao
128 2587 351 2650 discordiarum
375 2591 531 2672 arguebat.
574 2589 634 2652 Sed
656 2593 768 2654 ceteris
800 2589 885 2651 haud
915 2588 994 2652 laeta
1020 2589 1168 2649 memoria

130 2697 264 2773 Quirinii
281 2708 346 2758 erat
366 2698 405 2757 ob
428 2697 565 2774 intenta,
582 2691 583 2694 ¹
600 2709 634 2758 ut
655 2698 847 2775 memoravi,
876 2696 1014 2780 Lepidae
1033 2693 1169 2778 pericula

129 2807 345 2889 sordidamque
366 2811 397 2868 e't
417 2817 646 2889 praepotentem
676 2815 843 2867 senectam.

79 2893 127 2980 49
213 2913 291 2974 Fine
307 2915 378 2973 anni
401 2914 513 2974 Gaium
544 2913 705 2974 Lutorium
727 2911 865 2973 Priscum
895 2911 1028 2994 equitem
1055 2901 1169 2973 Roma·

137 3055 408 3070 *Ἣ

131 3141 220 3193 minus
240 3141 350 3194 difficile
371 3139 438 3193 mitt
458 3143 585 3196 videatur
602 3143 699 3196 Tacito
723 3137 886 3196 sententiam
913 3114 1035 3194 amissam
1055 3140 1169 3195 restitu⁴

132 3223 177 3287 cre
195 3253 277 3308 quam
298 3241 410 3292 Herculi
430 3237 531 3292 clavam
549 3247 727 3310 extorquere,
748 3233 846 3291 lacuna
866 3235 987 3290 indicata
1006 3235 1061 3288 loci
1082 3241 1169 3286 struc-

132 3336 218 3382 turam
239 3334 330 3384 iuvare
350 3336 434 3386 malui
453 3343 534 3404 quain
553 3337 643 3390 Taciti
669 3335 758 3388 verbis
785 3333 828 3388 vel
856 3335 908 3388 hoc
929 3337 1059 3392 inserere,
1087 3342 1169 3402 quam

133 3440 200 3478 cura
220 3443 270 3480 sua
291 3446 374 3481 unam
387 3433 560 3500 provinciam
577 3415 720 3502 amplecti,
734 3431 777 3481 vel
787 3431 881 3481 inutili
899 3427 1091 3480 emendatione
1108 3424 1169 3475 vui-

132 3523 333 3602 nusiuflictum
355 3527 453 3577 leviter
472 3527 607 3578 obturare.
645 3528 782 3596 Aiiihaec
803 3534 960 3578 tentavere:
989 3519 1105 3572 Pichena
1135 3535 1169 3570 ex
1207 3585 1209 3592 y

132 3618 357 3672 antecedentibus
375 3625 522 3694 proficisci
540 3623 579 3676 ud
596 3623 627 3676 id
642 3625 761 3684 bellum,
788 3619 903 3688 llyclitrs
928 3635 961 3671 ex
989 3617 1169 3687 sequentibus

135 3709 201 3764 eluci
213 3714 329 3784 intelligi
340 3715 461 3786 volebat,-
474 3719 674 3772 Freinshemics
689 3702 810 3769 cmisissc
822 3715 914 3768 urbem
926 3713 1167 3783 legendumauaait.
1260 3749 1266 3774 ,

210 3810 238 3863 ¹5
263 3803 487 3886 onqmuflensium
507 3817 548 3867 M:
572 3811 821 3866 Homonadensium
839 3811 997 3867 Beroaldus.
1160 3793 1165 3798 ⁵

208 3923 245 3971 ¹9·
262 3909 295 3958 M
303 3905 380 3958 Folio
401 3909 441 3970 M;
462 3912 577 3959 correxit
600 3909 714 3974 Lipsius.

206 4002 244 4052 ²3.
268 4003 420 4055 Clutorium
440 4003 485 4055 M:
506 4005 534 4061 C.
552 4003 694 4057 Laterium
715 3999 831 4072 Lipsius.
