2826 4730
806 119 816 146 Ι

211 321 276 390 rot
307 269 317 415 '-
480 292 482 294 ’
631 319 842 384 inustum

63 504 96 576 (³
115 501 282 574 C.-no.)llljc
304 525 414 586 paucos
429 506 496 569 ‘dies
516 509 727 590 componendo
746 511 847 569 animo
870 505 1164 586 insumitiviolenta
1179 506 1248 574 luc·

147 651 149 654 .
212 625 246 674 tu
270 625 299 675 ct
320 617 418 677 nescia
438 617 601 679 tolerandi.
644 619 774 709 Interim
793 617 929 680 adventu
963 619 1028 679 eius
1059 606 1166 682 audito
1198 623 1250 680 in-

212 725 304 784 timus
327 726 453 806 quisque
474 729 646 788 amicorum*
670 738 700 788 et
720 725 856 809 plerique
881 727 1049 807 militares,
1079 737 1115 788 ut
1136 729 1250 810 quique

212 831 269 892 sub
292 832 472 893 Germanico
493 834 644 916 stipendia
669 817 831 912 fecerant,¹
857 833 1004 915 multique
1032 834 1125 896 etiarn
1154 833 1251 916 igrtoti

219 940 318 1001 ticinis
340 961 356 1000 e
376 941 571 1026 municipiis,
596 963 665 1022 pars
685 937 817 1002 officium
839 941 871 1000 in
892 942 1058 1022 principem
1080 941 1158 1016 reti,
1183 940 1247 1023 plu·
1269 939 1289 1004 5

214 1069 263 1112 res
286 1048 353 1124 illos
373 1051 487 1128 secuti,
511 1071 602 1110 ruere
617 1049 662 1110 ad
681 1049 827 1132 oppidum
848 1049 1066 1124 Brundisium,
1089 1049 1172 1132 quod
1192 1071 1250 1114 ¹na-

212 1160 327 1240 viganti
352 1155 545 1217 celerrimum
557 1155 798 1238 fidissimumque
817 1154 945 1238 appulsu
968 1166 1045 1224 erat.
1070 1155 1174 1238 Atque
1193 1155 1248 1216 ubi

165 1241 167 1256 Ι
212 1267 344 1348 primum
367 1287 410 1326 ex.
423 1263 485 1325 alto
506 1264 570 1326 visa
590 1263 700 1338 classis,
723 1263 916 1345 complentur
935 1285 998 1325 non
1019 1263 1111 1324 modo
1135 1273 1247 1346 portus

182 1393 183 1396 ’
212 1381 244 1433 et
265 1373 402 1453 proxima
422 1371 528 1447 maris,
551 1369 604 1431 sed
624 1371 744 1431 moenia
767 1391 804 1431 ac
817 1379 914 1454 tecta,
935 1389 1055 1452 quaque
1074 1365 1250 1452 longissime
1319 1371 1320 1377 ’

211 1481 399 1564 prospectari
410 1488 542 1562 poterat,
561 1481 767 1566 maerentium
787 1478 881 1539 turha
904 1489 934 1539 et
951 1479 1147 1562 rogitantium
1165 1481 1246 1546 inter
1272 1507 1310 1562 m

212 1611 265 1661 se,
288 1585 449 1650 silentione
468 1608 507 1646 an
529 1607 604 1647 voce
624 1585 725 1670 aliqua
749 1587 952 1676 egredientem
973 1589 1169 1670 exciperent?
1189 1573 1247 1644 Ness
1290 1633 1292 1640 .

212 1717 272 1780 que
293 1696 363 1756 satis
382 1695 537 1757 constabat
559 1678 634 1778 quid
645 1718 705 1780 pro
718 1706 857 1779 tempore
874 1697 962 1771 foret,
978 1693 1159 1756 cumulassis
1174 1715 1250 1774 pau-

212 1802 297 1863 latim
320 1803 554 1882 successit„non
576 1803 680 1884 alacri,
702 1815 738 1865 ut
759 1803 893 1883 assolet,
913 1806 1060 1886 remigio,
1087 1801 1139 1864 sed
1154 1820 1249 1862 cunc·

211 1914 250 1974 tis
274 1911 313 1972 ad
333 1913 486 1972 tristitiam
508 1915 689 1994 compositis.
708 1914 875 1994 Postquam
896 1913 1024 1989 duobus⁴
1040 1933 1111 1972 cum
1129 1910 1247 1984 liberis,

212 2019 338 2083 feralem
360 2041 469 2080 urnam
489 1999 614 2096 tenens,
639 2025 758 2102 egressa
780 2022 851 2080 navi
871 2018 974 2080 defixit
1005 2018 1130 2094 oculos,
1165 2018 1246 2078 idern
1272 2023 1306 2086 15

213 2132 350 2190 omnium
389 2125 544 2209 gemitus3
579 2147 679 2208 neque
714 2124 896 2196 discerneres
923 2126 1077 2208 proximos
1114 2126 1248 2204 alienos,

214 2209 366 2299 virorum!
391 2237 614 2296 feminarumve
654 2233 815 2316 planctus,
859 2235 916 2294 nisi
958 2234 1042 2318 quod
1072 2239 1250 2299 comitatum

214 2346 398 2427 Agrippinae
421 2345 513 2426 longo
534 2363 674 2404 maerore·
692 2342 805 2404 fessum
825 2343 909 2404 obvii
929 2353 959 2404 et
979 2355 1116 2406 recentes
1136 2349 1168 2406 in
1192 2346 1249 2407 do'-

214 2451 279 2513 lore
294 2453 463 2512 anteibant.
508 2453 635 2514 Miserat
653 2451 728 2512 duas
761 2453 929 2534 praetorias
956 2445 1097 2536 cpbortes
1118 2453 1277 2538 Caesar&

90 2643 92 2646 Ι
214 2561 323 2622 addito*
341 2569 377 2620 ut
395 2559 586 2643 magistratus
608 2559 767 2620 Calabriae
790 2560 942 2642 Apulique
971 2572 1002 2621 et
1030 2561 1177 2643 Campani
1199 2561 1250 2624 su·'
1270 2589 1308 2628 ao

125 2709 128 2715 .
201 2651 203 2656 ,
214 2683 319 2760 prema
339 2690 411 2752 erga
429 2671 606 2734 memoriam
625 2667 678 2728 filii
701 2671 897 2734 sui‘munera
917 2668 1125 2750 fungerentur.
1154 2673 1249 2757 Igitur

213 2778 409 2864 tribunorum
438 2782 711 2861 centurionumque
742 2777 875 2840 humeris
894 2777 1008 2840 cineres
1027 2779 1246 2878 portabaptum

214 2967 488 2980 ——o——u--n—-n

303 3105 327 3158 3.
346 3105 445 3177 cuique
467 3107 514 3162 M:
532 3110 634 3182 quique
654 3105 807 3164 beroaldus.

193 3207 203 3218 “
301 3215 325 3266 7.
347 3197 490 3270 adpulsum
512 3201 556 3254 M:
572 3199 695 3272 adpulsu
715 3199 870 3252 Beroaldus.
894 3245 898 3256 s
1230 3239 1235 3250 .
1255 3249 1260 3278 Ι

299 3315 325 3364 9.
344 3295 471 3366 proxima
489 3299 576 3356 maris
594 3305 659 3348 sunt
675 3297 797 3364 proxima
817 3297 896 3350 maris
915 3299 989 3359 loca,
1013 3312 1084 3368 qnae
1109 3313 1242 3350 unacum

212 3399 293 3462 portu
312 3391 413 3457 cymbis
432 3408 462 3442 ac
486 3391 601 3460 navigiis
628 3393 830 3443 occurrentium
851 3393 1072 3466 complebantur:
1092 3410 1142 3464 pro
1170 3395 1239 3446 locis

215 3485 284 3538 mari
302 3489 431 3554 proximis
450 3489 555 3556 accepit
575 3485 746 3543 Waltherus,'
946 3542 948 3548 ,
968 3468 975 3487 ’
1121 3549 1124 3555 ⁴

288 3580 326 3634 15.
343 3579 441 3654 defixit
457 3581 594 3642 oculosh.
614 3599 636 3634 e.
656 3581 685 3632 in
703 3589 801 3634 terram
822 3582 932 3634 demisit
950 3580 1058 3642 oculos,
1076 3580 1124 3632 aed
1141 3581 1249 3635 addita-

214 3684 336 3728 mentum
356 3675 409 3728 hoc
426 3677 460 3744 iu
476 3689 578 3752 terram
601 3677 691 3728 omitti
716 3677 822 3744 potuit,
842 3679 908 3748 quia
936 3692 984 3740 por
1012 3653 1246 3746 praepositionem

214 3771 290 3832 verbi
321 3771 465 3838 compositi
496 3772 560 3822 satis
590 3769 914 3844 indicatumest3'1llia
941 3781 982 3826 est
1012 3774 1083 3825 ratio
1125 3775 1180 3826 loci
1218 3775 1249 3826 in

157 3873 160 3876 ’
214 3869 315 3922 Histoi.
337 3869 387 3930 IV,
407 3885 448 3934 7²·
464 3863 532 3936 fixis
553 3864 585 3916 in
601 3877 704 3922 ternum
723 3868 828 3919 oculis:
852 3884 914 3919 narn
932 3882 993 3920 cum
1011 3867 1056 3920 hic
1072 3870 1144 3921 absit
1163 3881 1242 3938 prae·

215 3964 332 4034 positio,
353 3952 520 4014 accusativus
540 3963 570 4014 in
588 3973 691 4016 terrum
713 3963 834 4032 suppleri
853 3981 908 4016 uon
926 3967 1025 4034 potuit.
