2900 4706
473 291 546 356 nu.
569 290 639 354 xv.
673 287 772 358 ⁴cnr.
793 256 904 360 7-211.
1126 287 1185 358 stt

93 517 99 528 .
162 480 214 530 aut
235 469 264 530 in
292 469 399 560 alicnis
427 469 558 540 consiliis
585 469 752 534 constantia
780 469 895 531 luisset.
940 470 1071 532 ³Vernm·
1092 470 1144 530 nbi
1171 473 1229 545 a(s
1246 475 1335 539 toa)

18 560 20 568 ¹
151 576 233 644 ‚viris
254 575 437 635 militaribus
458 575 598 636 adversus
618 587 759 658 urgentes
777 596 862 636 casus
876 565 1013 644 firmatus
1031 579 1107 651 erat,
1125 597 1191 638 run.

90 747 92 750 ,
159 705 209 745 sus
232 705 271 744 ne
290 683 407 744 alienae
428 683 593 744 sententiae
615 683 749 766 indigens
769 683 941 758 videretur,
963 683 993 742 in
1016 681 1191 743 diversans

161 788 314 850 deteriora
336 783 494 864 transibat.
534 793 576 854 Et
596 803 668 854 tunc
689 791 799 854 relictis
817 792 976 870 hibernis,
1001 811 1061 850 nou
1084 789 1190 850 fossam
1242 864 1243 870 ἵ
1345 799 1346 804 ’

101 889 261 977 -5neque
281 896 393 958 vallum
416 898 474 960 sibi
506 899 561 961 sed
584 920 711 980 corpora
746 911 883 967 starum
908 901 937 958 in
972 897 1089 958 hostem
1119 898 1188 958 data

147 999 336 1080 ›clamitans,
358 1003 444 1063 duxit
465 1003 595 1086 legiones
615 1005 700 1086 quasi
721 1003 1030 1085 praeliocertaturus.
1073 1004 1189 1064 Deinde
1218 1077 1221 1080 .

158 1109 266 1168 amisso
289 1113 468 1169 centurione
489 1121 518 1170 et
538 1114 641 1192 paucis
664 1087 927 1194 utilitibus,¹quos
947 1113 1078 1172 visendis
1100 1111 1189 1172 hosti·

9 1271 12 1282 ,
159 1235 213 1274 um
234 1217 332 1298 copiis·
349 1219 565 1298 praemiserat,
588 1219 727 1300 trepidus
758 1223 919 1280 remeavit.
961 1221 1001 1278 Et
1029 1222 1103 1300 quia
1131 1219 1188 1276 mi·
1252 1215 1254 1218 ’

160 1343 216 1382 nus
240 1325 352 1384 aeriter
370 1323 535 1406 Vologeses
557 1326 725 1403 institerat,
749 1347 827 1384 vana
855 1346 961 1384 rursus
994 1325 1108 1402 fiducia,
1131 1325 1191 1384 tria
1230 1347 1231 1352 ¹

30 1471 38 1504 3
105 1440 140 1482 to
161 1427 242 1488 milia
262 1427 370 1489 delecti
402 1429 515 1516 peditis·
534 1432 677 1510 proximo
707 1427 803 1488 Tauri
829 1430 903 1508 iugo
933 1425 1105 1508 imposuit,
1127 1452 1192 1510 quo

133 1555 134 1558 ’
158 1537 317 1598 transitum
338 1538 415 1618 regis
436 1547 596 1612 arcerem
622 1535 719 1598 alares
739 1557 861 1620 qnoque
880 1524 1074 1624 Pannonios,
1096 1522 1196 1596 robur
1265 1581 1266 1586 Ι

158 1643 329 1724 equitatus,
349 1645 385 1702 in·
403 1654 493 1724 parte
513 1646 612 1726 campi
631 1623 718 1709 locat.
759 1625 898 1704 Coniunx
924 1664 958 1701 ac
980 1640 1059 1702 filius
1081 1641 1189 1702 castel·

158 1747 214 1828 lo,
235 1754 285 1813 cui
308 1751 503 1812 Arsamosata
526 1771 637 1811 nomen
662 1759 726 1828 est,
753 1749 867 1823 abditi,
898 1751 972 1809 data
989 1752 1023 1807 in
1042 1748 1189 1830 praesidi·

158 1875 212 1915 um
233 1854 358 1922 cohorte
378 1877 417 1917 ac
433 1856 567 1938 disperso
582 1854 679 1916 milite
690 1873 710 1932 ,·
724 1856 776 1937 qui
795 1859 826 1914 in
851 1875 913 1916 uno
936 1853 1061 1914 habitus
1078 1874 1189 1933 vagum

104 1966 139 2029 ιδ
158 1961 275 2023 hostem
296 1963 465 2045 promptius
482 1962 717 2040 sustentauisset.
758 1961 799 2023 Et
823 1983 911 2046 aegre
933 1959 1120 2042 compulsum
1136 1957 1187 2018 fe-

157 2078 231 2130 runt
251 2079 286 2128 ut
305 2069 472 2128 instantem
493 2065 661 2130 Corbuloni
688 2068 843 2134 lateratim.
885 2065 950 2126 Nec
971 2087 989 2126 a
1010 2063 1192 2126 Corbulone

155 2187 368 2259 properatum,
391 2197 452 2258 quo
472 2173 667 2258 gliscentibus
687 2173 828 2259 periculis
848 2176 945 2234 ctiam
965 2173 1093 2234 subsidii
1121 2169 1190 2234 laus
1234 2183 1238 2193 ’

156 2291 331 2364 augeretur.
379 2281 521 2362 Expediri
544 2291 645 2343 tamen
667 2283 767 2342 itineri
785 2277 909 2362 singula
925 2279 1011 2338 milia
1028 2301 1061 2338 ex
1083 2278 1184 2338 tribus

156 2390 323 2473 legionibus
344 2400 373 2450 et
393 2389 503 2452 alarios
523 2392 723 2474 octingentos,
745 2410 854 2471 parem
872 2408 1036 2447 numerum
1048 2408 1064 2446 e
1080 2386 1186 2446 cohor·

104 2497 240 2582 wihus
262 2495 359 2560 iussit.
402 2495 445 2556 At
470 2495 661 2579 Vologeses,
679 2497 817 2586 quamvis
840 2493 959 2555 obsessa
982 2516 1004 2554 a
1021 2493 1115 2554 Paeto
1136 2495 1186 2554 ΙΙΙ

156 2627 232 2666 nera
263 2604 335 2664 hinc
355 2604 490 2686 peditatu
521 2603 593 2664 iude
628 2606 728 2684 equite
754 2603 930 2684 accepisset,
965 2581 1047 2658 nihil
1070 2613 1185 2662 mutato

157 2712 285 2774 consilio
306 2712 357 2773 sed
383 2715 414 2773 vi
437 2731 471 2784 ac
489 2709 580 2770 minis
599 2709 695 2770 alares
715 2711 870 2786 exterruit,
889 2693 1067 2791 legionarios
1087 2706 1185 2766 obtri-
1235 2765 1236 2768 ,

157 2821 217 2896 vit,
239 2837 303 2878 uno
321 2827 440 2876 tantum
463 2814 640 2890 centurione
653 2813 818 2894 Tarquitio
831 2814 989 2876 Crescente
1010 2813 1141 2890 turrim„
1152 2816 1184 2875 in

160 2946 221 3008 qua
241 2923 423 3006 praesidium
444 2902 588 3004 agitabat,
611 2919 773 2981 defendere
794 2925 887 2995 auso,
910 2919 1050 3001 factaque
1066 2921 1185 3000 saepius

100 3017 140 3101 ,Β
160 3033 317 3115 eruptione
348 3042 378 3092 et
406 3015 499 3092 caesis
517 3030 582 3111 ‘qui
623 3028 826 3093 barbarorum
860 3029 986 3110 propius
1012 3018 1184 3110 'suggredie-

155 3141 279 3218 bantur,
303 3140 398 3202 donec
418 3139 533 3221 ignium
561 3138 641 3199 iactu
659 3137 957 3224 circumveniretur.
999 3123 1143 3197 Peditum
1160 3137 1183 3196 si
1239 3127 1242 3129 ’

158 3251 226 3330 quis
247 3251 384 3330 integer,
407 3246 569 3330 longinqua
591 3255 621 3306 et
643 3245 726 3320 avia,
747 3241 897 3303 vulnerati
916 3253 1012 3304 castra
1018 3247 1184 3334 repetive-

157 3377 215 3436 rc3
235 3357 377 3418 virtutem
402 3353 499 3436 regis,
536 3352 693 3414 saevitiam
714 3362 743 3411 et
774 3353 875 3432 copias
896 3353 1052 3433 gentium,
1076 3359 1184 3410 ettneta

157 3439 242 3526 metu
265 3449 455 3538 extollentes,
475 3457 557 3524 sacili
577 3457 755 3543 credulitate
777 3479 897 3531 eorum,
932 3459 984 3539 qui
1006 3457 1108 3516 eadem
1132 3478 1183 3536 pa·

99 3593 140 3656 50
157 3571 280 3634 vehant.
324 3570 370 3630 Ne
391 3570 452 3630 dux
473 3567 597 3650 quidem
618 3566 714 3628 obniti
739 3531 880 3642 adversis,
906 3565 956 3625 sed
978 3576 1084 3624 cuncta
1104 3563 1184 3624 mili-
1257 3618 1259 3628 ,

157 3675 218 3735 tiae
243 3679 347 3738 munia
375 3676 567 3756 deseruerat,
589 3677 698 3736 missis
708 3675 816 3734 iterum
838 3673 875 3734 ad
890 3673 1096 3734 Corbulonem
1113 3696 1180 3764 pre·

158 3783 263 3860 cibus,
285 3784 402 3841 veniret
432 3803 582 3864 propere,
612 3784 695 3862 signa
728 3789 760 3840 et
780 3779 896 3861 aquilas
922 3789 952 3840 et
982 3800 1092 3840 nomen
1114 3777 1186 3838 reli·
1278 3793 1282 3806 ·

157 3911 252 3975 quum
276 3876 404 3952 infelicis
426 3892 569 3952 exercitus
593 3899 738 3950 tueretur:
762 3879 794 3950 sc'
815 3887 903 3950 tidem
924 3890 1063 3969 interim,
1084 3886 1196 3968 donec
1221 3907 1223 3914 ⁴
