2826 4730
226 281 283 345 nc
363 345 366 352 ,
641 228 864 341 vnimiunn
913 325 915 330 ,

73 471 100 542 (ι
117 469 137 522 C
154 474 229 546 υ)
222 463 361 521 Seruium
386 454 537 545 hlalngint
532 486 623 524 usem
646 465 800 552 flaminem
821 463 941 531 Dialem
963 465 1109 546 prompsit
1134 465 1257 559 Caesar,

221 557 420 649 recitavitque
439 570 591 630 decretum
615 571 813 651 pontificum,
835 573 974 652 quotiens
987 571 1122 632 valitudo
1132 573 1258 633 adversa

220 673 373 736 flaminem
397 674 514 734 Dialem
531 678 719 749 incessisset
750 687 783 762 ut
813 677 962 758 pontilicis
983 678 1101 740 maximi
1131 678 1260 740 arbitrio

219 785 286 864 plus
311 806 401 865 quam
425 785 592 846 binoctium
610 785 747 860 abesset,
775 785 847 846 dum
869 807 908 846 ne
929 787 1036 848 diebus
1064 787 1181 868 publici
1209 811 1256 850 sa·

219 891 348 990 crificii,
368 913 427 951 neu
455 893 572 974 saepius
593 915 685 974 quam
714 894 760 954 bis
788 895 917 955 eundem
948 897 979 954 in
1006 917 1146 973 annum,
1182 901 1293 978 quae5

220 997 354 1078 principe
371 1005 506 1082 Augusto
526 998 690 1068 tinstituta
722 1003 791 1064 satis
816 1002 1016 1063 ostendebant
1043 1025 1178 1064 annuam
1204 1005 1259 1065 ab·

219 1107 345 1164 sentiam
381 1117 411 1164 et
439 1106 662 1188 prouinciarum
693 1107 986 1168 administrationem
1022 1109 1165 1170 Dialibus
1195 1130 1257 1170 uon

218 1215 354 1278 concedi.
397 1215 686 1298 Memorabaturgue
706 1217 791 1275 Lucii
815 1215 929 1282 Metelli
958 1217 1122 1298 pontilicis¹
1137 1216 1258 1276 maximi

152 1396 156 1408 1
220 1313 491 1406 exemplum‚‘qui
525 1321 639 1382 Aulum
670 1322 861 1382 Postumium
893 1321 1047 1382 flaminem
1077 1323 1256 1383 attinuisset·

153 1458 156 1470 r
219 1433 264 1490 lta
287 1453 353 1491 sors
376 1431 494 1492 Asiae
486 1453 517 1497 in
539 1413 620 1505 eum,
642 1432 694 1512 qui
715 1430 920 1492 consularium
934 1429 1135 1512 Maluginensi
1154 1431 1255 1511 proxi·
1278 1443 1310 1480 ¹0

219 1560 287 1600 mus
309 1552 396 1615 erat,
421 1537 540 1600 collata.

302 1647 402 1708 Isdem
427 1647 534 1708 diebus
547 1645 678 1730 Lepidus
696 1647 736 1707 ab
756 1659 864 1709 senatu
901 1649 1008 1728 petivit
1049 1656 1084 1706 ut
1105 1607 1309 1716 basilicamw

218 1753 328 1832 Pauli,
351 1756 476 1816 Aemilia
498 1757 685 1816 monimenta
699 1757 853 1839 ,propria
881 1757 1059 1837 pecuniar
1041 1751 1176 1814 firmaret
1206 1776 1257 1813 or-

218 1875 375 1946 naretque.
415 1859 491 1924 Erat
515 1866 693 1924 etiamtum
717 1865 749 1923 in
771 1885 855 1924 more
878 1861 998 1944 publica
1028 1849 1256 1938 munificentia,

219 1995 274 2031 uec
297 1976 453 2054 Augustus
475 1983 616 2032 arcuerat
635 1973 797 2048 Taurum,
824 1970 1019 2052 Philippum,
1046 1970 1173 2032 Balbum
1205 1971 1260 2030 ho·
1278 1965 1309 2026 15

216 2077 301 2138 stilos
321 2081 445 2140 exuvias
466 2089 518 2140 aut
534 2079 712 2163 exundantis
728 2099 800 2160 opes
820 2065 968 2138 ornatum
989 2079 1029 2139 ad
1046 2080 1130 2139 urbis
1158 2091 1188 2140 et
1204 2101 1256 2160 po·

215 2195 334 2250 sterum
355 2171 483 2266 gloriam
503 2183 656 2244 conferre.
678 2185 747 2262 Quo
766 2195 834 2244 tum
847 2184 981 2268 exemplo
993 2187 1135 2266 Lepidus,
1159 2209 1255 2270 quan·

217 2313 309 2375 qnam
329 2293 475 2374 pecuniae
494 2291 647 2368 modicus,
670 2294 788 2382 avitum
808 2293 899 2355 decus
920 2292 1057 2355 recoluit.
1100 2295 1143 2356 Ar
1162 2299 1255 2358 Pom·

215 2402 275 2482 pcii
298 2399 452 2460 theatrum
481 2401 549 2482 igne
571 2399 696 2461 fortuito
718 2398 861 2460 haustum
890 2401 1001 2462 Caesar
1026 2415 1252 2474 exstructurum

215 2508 372 2592 pollicitus
397 2521 457 2588 est,
479 2517 516 2570 e'o
539 2509 621 2592 quod
641 2531 731 2571 nemo
752 2510 901 2571 efamilia
923 2514 1125 2572 restaurando
1144 2516 1256 2576 suffice·
1272 2537 1306 2573 20

215 2626 279 2693 ret,
303 2625 443 2676 manente
467 2629 567 2678 tamen
587 2618 888 2711 nomiuePompeii.
914 2619 1010 2678 Simul
1033 2620 1173 2682 laudibus
1199 2624 1253 2684 Se-

217 2727 321 2785 ianum
344 2734 393 2786 ext
381 2723 451 2786 tulit
474 2737 622 2807 tanquam
647 2724 754 2786 labore
778 2697 1039 2808 vigilaritiaque
1014 2749 1078 2788 eius
1102 2740 1186 2790 tanta
1209 2733 1253 2792 vis

133 2830 136 2834 ’
214 2857 312 2896 unum
334 2836 412 2898 intra
433 2833 576 2894 damnum
598 2836 734 2899 stetisset.
776 2835 818 2894 Et
838 2857 983 2896 censuere
1006 2847 1105 2918 patres
1126 2838 1251 2922 effigiem

216 2943 350 3020 Seiano,
372 2963 449 3023 quae
476 2938 555 3023 apud
583 2943 735 3003 theatrum
765 2943 900 3024 Pompeii
925 2931 1087 3004 locaretur.
1144 2947 1251 3029 Neque

216 3049 313 3110 multo
345 3061 412 3135 post
448 3051 578 3122 Caesar,
611 3073 680 3110 cum
713 3053 835 3112 lunium
855 3051 1000 3112 'Blaesum
1042 3056 1251 3136 proconsulem
1269 3057 1302 3118 25

134 3195 140 3200 -
182 3165 183 3168 ’
214 3158 338 3220 Africae
353 3158 500 3239 triumphi
515 3157 680 3240 insignibus
693 3157 858 3236 attolleret,
870 3159 943 3220 dare
961 3161 993 3220 id
1006 3181 1038 3222 sc
1053 3162 1127 3222 dixit
1143 3163 1252 3226 honori

212 3267 336 3345 Seiani,
356 3269 443 3327 cuins
463 3264 516 3326 ille
537 3265 705 3330 avunculus
737 3267 811 3326 erat.
838 3311 842 3323 ,
866 3270 912 3327 Ac
944 3280 1046 3328 tamen
1075 3291 1123 3332 res
1153 3271 1304 3352 Blaesi73

214 3376 323 3458 dignae
344 3375 452 3436 decore
474 3374 533 3436 tali·
549 3375 645 3439 fuere.
686 3373 764 3435 Nam
777 3375 968 3451 Tacfarinas,
991 3387 1165 3458 quanquam
1186 3401 1251 3440 sae-

212 3485 281 3564 pius
302 3481 456 3566 depulsus,
480 3481 626 3562 reparatis
647 3502 699 3562 per
714 3483 819 3539 intima
837 3481 957 3543 Africae
983 3482 1098 3548 auxiliis
1119 3484 1179 3545 huc
1199 3507 1249 3544 ar.

211 3595 366 3677 rogantiae
387 3599 521 3661 venerat,
545 3600 579 3648 ut
598 3588 712 3671 legatos
733 3587 771 3646 ad
785 3588 943 3650 Tiberium
965 3593 1109 3668 mitteret,
1130 3593 1249 3654 sedem·
1266 3587 1303 3648 30

304 3857 324 3891 r.
340 3837 484 3908 prompsit]
499 3815 626 3907 promisit
644 3835 680 3888 M.

285 3937 323 3991 15,
344 3944 478 4006 arguerat
497 3931 545 3986 M:
565 3946 697 4004 reticuerat
720 3931 827 4002 Lipsius
