2900 4706
358 397 362 407 ,
419 329 432 344 ’·
470 329 542 396 ire.
562 331 644 393 xiv.
691 332 775 393 aar.
801 338 930 416 n-ne
1141 335 1201 404 aaa

171 507 305 591 Apollini
325 529 446 584 meros,
467 511 580 594 talique
612 523 722 574 ornatu
742 513 862 574 adstare
891 535 953 576 non
983 514 1073 576 modo
1104 515 1240 586 Grae-(⁸
1257 511 1348 584 059)

56 677 58 685 ,
170 618 212 678 cit
232 619 264 676 in
293 617 419 678 urbibus
446 618 501 680 sed
529 619 665 680 Romana
683 619 764 700 apud
800 619 913 700 templa
941 639 1053 704 numen
1086 625 1213 704 praeci--

169 743 263 804 puum
285 734 317 784 et
336 727 523 810 praescium„
554 726 617 788 Nec
641 727 701 790 iarn
723 727 787 788 sisti
800 734 947 808 poterat,
972 743 1043 800 cum
1065 729 1202 798 Senecae

170 849 206 888 ac
227 831 322 890 Bnrro
344 831 453 907 visum,
477 852 515 892 ne
534 843 660 914 utraque
679 835 879 914 pervinceret,
902 829 1031 895 alterum
1054 835 1203 898 concede·

129 925 149 988 5
168 957 210 1001 re.
253 938 459 1030 clausumque
479 939 559 1003 valle
582 941 731 1004 Vaticana
753 940 943 1022 spatium,in
965 960 1025 1020 quo
1046 961 1138 1022 equos
1152 962 1204 1002 re·

169 1055 275 1126 geret,
297 1045 378 1106 baud
399 1050 549 1128 promisco
568 1049 748 1130 spectaculo.
791 1050 861 1112 Mox
884 1029 965 1109 ultro
986 1049 1086 1108 vocari
1106 1069 1204 1130 popu·

79 1181 114 1232 p,
169 1151 217 1212 lus
240 1153 416 1229 Romanos,
434 1152 637 1240 laudibusque
661 1156 820 1234 extollere,
849 1165 884 1216 ut
905 1164 950 1231 est
983 1152 1089 1236 uulgus
1117 1151 1205 1231 cupi·
1254 1205 1256 1214 ,

86 1333 89 1340 ¹
168 1280 220 1320 eus
245 1259 437 1340 voluptatum
473 1274 524 1338 et,
557 1267 582 1324 si
615 1262 720 1325 eodem
752 1265 894 1343 princeps
921 1260 1045 1338 trahat,
1078 1257 1203 1318 laetum.

167 1363 309 1426 Ceterum
336 1367 493 1448 evulgatus
524 1368 624 1449 pudor
660 1389 720 1428 uon
756 1370 944 1442 satietatem,
975 1375 1012 1426 ut
1047 1365 1204 1440 rebantur,

113 1473 151 1519 '¹0
171 1471 225 1532 scd
244 1474 609 1540 incitamentumjattulit.
629 1464 784 1554 Ratusque
796 1469 926 1534 dedecus
949 1470 1068 1546 molliri,
1092 1471 1116 1530 si
1132 1470 1204 1550 plu..

168 1597 217 1638 res
237 1579 406 1655 foedasset,
425 1581 575 1642 nobilium
596 1579 779 1641 familiarum
796 1586 930 1662 posteros
959 1586 1088 1658 egestate
1109 1596 1205 1635 vena·

166 1680 211 1742 lea
236 1683 271 1744 in.
285 1705 405 1750 menam
428 1685 552 1746 deduxit
564 1708 580 1762 3·
594 1705 670 1766 quas
684 1684 748 1744 fato
772 1683 949 1770 perfunctos
964 1703 1003 1744 ne
1024 1681 1204 1743 nominatim

168 1789 308 1868 tradam,
331 1791 500 1852 maioribus
517 1812 627 1852 eorum
651 1790 849 1872 tribuendum
868 1801 954 1870 puto.
997 1789 1038 1850 Et
1060 1790 1125 1850 eius
1147 1786 1204 1850 fla-

166 1897 273 1978 gitium
294 1907 356 1967 est,
395 1901 447 1980 qui
474 1899 635 1980 pecuniam
668 1895 840 1968 ob.delicto
860 1899 959 1978 potius
981 1895 1079 1981 dedit,
1112 1915 1205 1986 quarn

109 2002 146 2062 15
164 2023 202 2064 ne
223 2001 443 2084 delinquerent.
486 1992 580 2086 Notos
620 2025 742 2086 quoque
774 2004 888 2084 equites
919 1988 1068 2066 Romanos
1096 2022 1203 2084 operas

166 2122 281 2170 menae
295 2113 475 2190 promittere
488 2111 607 2193 subegit
628 2110 716 2174 donis
735 2109 919 2192 ingentibus,
943 2109 1000 2170 uisi
1018 2107 1099 2192 quod
1120 2131 1202 2170 mer-

110 2207 216 2288 15ees
231 2217 279 2277 ,ab
299 2239 359 2287 eo,
383 2219 437 2299 qui
460 2216 564 2278 iubere
584 2227 700 2299 potest,
721 2221 783 2277 vitu
804 2217 985 2280 necessitatis
1015 2215 1115 2278 affert.
1160 2216 1203 2278 Ne

168 2323 391 2384 tamenadhnc
414 2323 536 2404 publico
556 2324 675 2384 theatro
697 2323 967 2404 dehonestaretur,
990 2324 1131 2415 instituit
1154 2322 1203 2384 lu-

87 2448 88 2452 *
166 2429 220 2490 dos
245 2430 433 2493 iuvenalium
462 2430 634 2507 vocabulo,
659 2431 691 2490 in
724 2451 801 2512 quos
825 2432 935 2512 passim
966 2436 1088 2492 nomina
1122 2429 1203 2493 date.

18 2543 20 2548 '
108 2557 150 2603 ,ο
167 2534 236 2602 Non
258 2535 403 2598 nobilitas
423 2538 585 2615 cuiquam,
609 2557 672 2594 non
691 2543 773 2596 aetas
793 2520 845 2596 aut
864 2538 923 2596 acti
947 2535 1079 2598 bonores
1107 2539 1202 2618 impe·
1300 2569 1303 2574 ¹
1338 2615 1341 2623 Ι

19 2645 24 2654 ’
166 2643 322 2716 (timente,
353 2661 415 2722 quo
436 2641 535 2701 minue
556 2640 664 2708 Graeci
686 2641 826 2700 Latinive
846 2641 1003 2702 histrionis
1023 2654 1122 2704 artem
1150 2664 1201 2704 ex-

122 2732 124 2736 ’
168 2755 305 2806 eruerent
324 2745 477 2826 usquead
496 2756 598 2826 gestus
619 2744 786 2826 modosque
808 2743 891 2805 baud
912 2744 1026 2807 viriles.
1068 2749 1150 2824 Quin
1170 2758 1202 2809 et

166 2851 299 2914 feminae
319 2850 450 2914 illustres
473 2851 621 2914 deformia
640 2851 792 2923 meditari
813 2863 1026 2934 exstructaque
1045 2854 1125 2934 apud
1147 2876 1201 2915 ne·

167 2979 254 3032 mus,
274 2958 356 3040 quod
378 2956 478 3018 navali
501 2967 606 3037 stagno
629 2955 849 3036 circumposuit
872 2959 1041 3040 Augustus,
1066 2982 1201 3021 conven-

110 3089 150 3148 ,25
169 3066 263 3128 ticula
274 3079 315 3130 ‚et
330 3087 485 3146 cauponae
496 3075 528 3124 et
548 3065 645 3146 posita
656 3085 736 3124 vene
752 3065 939 3126 irritamenta
954 3051 1046 3132 luxui.
1075 3069 1200 3127 Daban-

167 3185 277 3257 turque
299 3175 409 3254 stipes,
434 3193 509 3253 quas
531 3173 604 3231 boui
625 3174 822 3250 necessitate,
853 3171 1085 3252 intemperantes
1106 3175 1201 3254 gloria
1293 3161 1297 3167 ’

168 3293 389 3347 consumerent.
434 3279 509 3342 lnde
541 3279 666 3362 gliscere
687 3276 798 3360 flagitia
827 3290 856 3338 et
878 3275 1022 3358 infamia;
1053 3303 1109 3340 nec
1139 3279 1202 3340 ulla

167 3392 305 3452 moribus
326 3379 398 3450 olim
419 3383 570 3469 corruptis
591 3387 657 3468 plus
685 3387 844 3448 libidinum
877 3387 1079 3448 circumdedit
1109 3408 1201 3468 quam

168 3497 220 3557 illa
242 3497 397 3558 colluvies.
443 3495 502 3556 Vix
524 3495 639 3554 artibus
660 3494 795 3554 honestis
826 3492 925 3572 pudor
945 3497 1113 3570 retinetur,
1146 3515 1200 3554 ue-

108 3593 149 3680 ‘55
167 3602 240 3670 dum
262 3605 343 3662 inter
364 3604 528 3664 certamina
549 3601 719 3674 vitiorum,
742 3597 887 3679 pudicitia
907 3609 958 3658 aut
979 3598 1125 3662 modestia
1146 3611 1200 3662 aut
1235 3661 1240 3678 p

159 3893 161 3896 ,
241 3837 279 3892 13.
299 3833 335 3904 et}
356 3853 419 3888 nam
438 3847 461 3886 et
480 3834 600 3886 codices:
619 3850 682 3884 nam
709 3829 799 3882 omisit
826 3827 914 3898 Spita.
950 3826 1020 3882 'Mox
1051 3845 1087 3900 ¹9·
1119 3832 1197 3884 iuve-

168 3932 265 3982 nilium
284 3931 337 3984 M⁸.

965 4023 1003 4084 25
