2826 4730
230 221 303 338 nn*
502 347 508 363 x
636 272 856 332 inanima

16 501 18 508 ,
76 457 100 522 (ι
113 453 214 532 cisa.)
227 458 257 513 in
280 431 383 536 ipsos,
407 455 514 515 melius
534 458 564 514 in
587 458 683 516 socios
705 420 880 536 provideri,
904 473 941 514 ne
970 457 1169 535 peccaretur?
1205 455 1269 528 Ad-

225 583 348 622 versum
371 585 448 645 qnae
477 552 621 624 disseruit
648 559 767 624 Caesar.
822 565 889 624 Non
919 563 1043 645 quidem
1075 555 1133 624 sibi
1148 561 1268 642 vigpara
1295 602 1298 610 η

225 690 305 748 quae
324 667 363 729 de
382 667 486 730 Silano
512 669 734 752 vulgabantnr,
758 671 811 730 s'ed
834 689 897 732 nou
924 685 960 729 ex
981 687 1105 730 rumore
1130 679 1270 730 statuen-

225 778 310 845 dum.
353 777 468 838 Multos
488 779 520 838 in
542 779 707 861 provinciis
731 789 837 839 contra
862 797 956 860 quam
985 793 1051 860 spes
1083 787 1139 840 aut
1171 786 1269 836 metus

225 887 264 946 de
285 885 345 946 illis
377 885 471 944 fucrit
505 887 608 972 egisse.
651 884 784 945 Excitari
811 883 970 966 quosdam¹
987 883 1027 944 ad
1053 881 1179 944 meliora
1206 886 1309 948 ma·5

227 993 389 1078 gnitudinc
413 1013 532 1068 retum,
556 993 723 1056 hebescere
744 993 827 1053 alios.
840 1007 856 1082 ’ἱ
868 992 970 1074 Neque
993 1011 1082 1073 posse·
1098 991 1272 1074 principem
1331 1000 1333 1003 '

224 1103 426 1162 couscientia
460 1113 570 1162 cuncta
599 1099 782 1182 complecti,
815 1121 915 1181 neque
942 1100 1102 1181 expedire,
1129 1111 1179 1160 ut·
1203 1123 1270 1161 am-

224 1209 340 1273 bitione
365 1210 465 1272 aliena
483 1210 637 1271 trahatur.
668 1210 743 1270 ldeo
765 1209 848 1293 leges
865 1210 896 1268 in
913 1209 992 1270 facta
1010 1212 1176 1287 constitui,
1196 1211 1269 1292 quia

224 1308 329 1377 ¹futura
350 1319 382 1378 in'
400 1321 521 1386 incerto
540 1319 609 1378 sint.
654 1319 742 1378 Sica
765 1315 934 1376 maioribus
956 1317 1147 1396 institutum,
1169 1327 1223 1391 ut,
1246 1295 1284 1377 si

225 1427 373 1487 antissent
409 1425 549 1516 delicta,¹
571 1416 690 1506 poesim
717 1433 926 1507 sequerentur.
952 1417 1018 1483 ‘Ne
1042 1436 1200 1487 verterent
1220 1448 1268 1488 sa·
1291 1438 1323 1477 ¹⁰
1381 1481 1384 1490 ,

126 1568 129 1581 ·
225 1534 346 1614 pienter
368 1543 485 1616 reperta
505 1545 535 1594 et
555 1553 673 1615 semper
692 1530 816 1614 placita.
860 1533 939 1594 Satis
970 1553 1098 1594 onerum
1121 1535 1268 1617 principie

225 1641 281 1702 bus
291 1683 305 1714 r
326 1643 398 1704 satis
416 1643 506 1704 etlam
533 1645 697 1726 potentiae.
750 1644 848 1702 Minui
878 1646 966 1719 iura,
990 1645 1136 1724 ‘quotiens
1163 1641 1269 1724 gliscat

219 1761 367 1830 potestas,
404 1771 460 1812 uec
492 1751 641 1828 utendum
672 1751 821 1832 imperio,
848 1753 902 1812 ubi
930 1752 1048 1834 legibus
1078 1752 1125 1834 agi
1162 1753 1288 1832 possit„

169 1893 170 1896 =
194 1903 195 1906 η
225 1857 349 1934 Quanto
370 1859 469 1916 rarior
495 1857 577 1938 apud
600 1847 759 1918 Tiberium
789 1857 996 1940 popularitas,
1026 1867 1112 1916 tanto
1132 1857 1269 1918 laetiori·

224 1963 281 2024 hus
309 1965 416 2024 animis
441 1977 579 2046 accepta.
616 1948 724 2044 ¹Atque
754 1963 806 2024 ille
845 1965 981 2052 prudens
1014 1948 1212 2040 moderandi,
1243 1965 1265 2024 si
1292 1961 1323 2021 15

146 2069 151 2091 ⁶
222 2075 347 2154 propria
367 2075 414 2134 ira
427 2081 489 2132 non
504 2057 718 2152 impelleretur,
734 2071 851 2130 addidit
865 2069 995 2132 insulam
1009 2074 1146 2153 Gyarum
1167 2072 1269 2131 immi·-

224 2182 339 2242 temet
365 2159 430 2240 sine
454 2172 538 2258 cultu
561 2179 717 2238 hominum
735 2177 836 2238 fessa:
868 2178 976 2238 darent
1006 2179 1111 2238 laniae
1135 2180 1293 2265 familiae,
1398 2212 1399 2243 ÷

167 2289 169 2292 ’
226 2299 256 2350 et
290 2289 358 2348 viro
388 2289 553 2370 quondam¹
575 2287 690 2348 ordinis
722 2287 877 2363 eiusdem,
906 2299 948 2366 ut,
969 2289 1136 2369 Cytheram
1165 2295 1269 2372 potius

181 2365 188 2386 Ι
226 2397 417 2456 concederet.
461 2396 495 2456 Id
517 2415 655 2458 sororem
676 2416 798 2477 quoque
821 2395 917 2456 Silani
954 2396 1168 2479 Torquatam,
1205 2399 1269 2478 pri-

228 2522 297 2564 scae
323 2497 540 2564 sanctimoniae
560 2505 721 2585 virginem,
743 2514 888 2585 expetere.
932 2505 967 2564 ln
991 2504 1070 2564 hanc
1090 2502 1325 2581 sententiamw

146 2607 147 2610 '
225 2611 305 2670 l'acta
332 2610 484 2673 discessio.
523 2610 597 2670 Post
621 2611 717 2670 auditi
739 2611 946 2692 Cyrenenses,
971 2622 1000 2669 et
1020 2621 1180 2670 accusante
1202 2619 1268 2671 An·
1297 2585 1305 2595 ἱ

225 2717 334 2779 chario
370 2715 477 2778 Prisco
510 2713 633 2779 Caesius
666 2719 785 2779 Cordus
816 2717 1055 2800 repetundarum
1093 2719 1268 2786 damnatur.

227 2813 356 2887 Lucium
375 2827 509 2886 Ennium
535 2831 665 2908 equitem
682 2825 871 2901 Romanum,
896 2828 1056 2888 maiestatis
1079 2828 1270 2909 postulatum

143 2951 146 2958 ·
169 2945 171 2954 ’
204 2930 311 3016 stquoil
332 2933 457 3016 effigiem
467 2936 613 3016 principis
631 2937 814 3015 promiscum
826 2933 864 2992 ad
879 2955 967 2996 usum
979 2938 1096 3016 argenti
1111 2935 1268 3010 vertisset,

183 3118 188 3124 ⁷
227 3043 319 3122 recipi
344 3043 455 3104 Caesar
478 3044 556 3104 inter
582 3065 647 3104 reos
678 3047 794 3116 vetuit,
830 3043 931 3124 palam
961 3037 1146 3125 aspernante
1176 3045 1267 3106 Ateio
1287 3039 1322 3100 25

227 3149 376 3244 Capitone
404 3154 489 3234 quasi
521 3174 573 3235 per
610 3151 790 3215 libertatem.
840 3151 906 3212 Non
941 3154 1021 3222 enim
1053 3153 1163 3214 debere
1189 3156 1268 3237 eripi

172 3309 176 3324 2
227 3258 366 3342 patribus
388 3258 450 3338 vim
470 3259 640 3334 statuendi,
665 3278 764 3340 neque
789 3269 911 3318 tantuin
929 3236 1109 3318 maleficium
1141 3261 1268 3342 impune

227 3365 412 3429 habendum.
456 3369 535 3428 Sane
555 3367 655 3430 lentus
677 3369 708 3425 in
729 3386 785 3426 suo
809 3364 917 3434 dolore
936 3375 1033 3426 esset:
1056 3369 1101 3426 rei
1128 3365 1269 3450 publicae

228 3475 355 3536 iniurias
385 3498 423 3535 ne
447 3475 641 3563 largiretur:
680 3472 828 3534 Intellexit
854 3471 931 3532 haec
955 3473 1099 3534 Tiberius
1124 3487 1160 3537 ut
1181 3487 1267 3538 crant

227 3586 432 3676 magisquam
463 3580 928 3662 utdicebantur,perstititque
959 3584 1155 3646 intercedere.
1208 3585 1266 3646 Ca·
1284 3560 1321 3649 io

316 3755 341 3804 6.
361 3751 505 3802 hebescere
524 3750 560 3800 M.
630 3731 636 3739 .

300 3849 501 3901 nminuturu
521 3845 565 3894 M:
585 3844 673 3894 minui
691 3845 755 3895 iura
776 3843 893 3912 lipsiae.

305 3944 340 3995 ι8.
364 3939 512 4010 Cytheirtnn
532 3939 558 3992 Μ
570 3926 578 3990 :¹
597 3938 739 4006 Cytheram
761 3941 915 4004 Beroaldus.
