2862 4726
246 255 306 320 906
676 249 895 312 ANNALI'UM
964 279 967 292 ·

88 430 119 503 (⁸
138 433 437 512 C.²5.)salutautium
458 433 572 511 turba,
596 433 782 516 sublatisque
802 421 944 494 inanibus
969 453 1043 495 vera
1067 429 1214 513 potentia
1244 447 1282 490 au

238 545 312 627 geri.
355 543 451 624 Igitur
469 543 617 623 paulatim
640 543 759 624 negotia
781 545 879 622 urbis,
900 539 1005 622 populi
1025 559 1185 612 accursus,
1209 536 1294 598 mul·

239 649 405 712 titudinem
413 644 614 719 ,affluentium
636 649 776 733 increpat
786 677 803 740 ,χ
819 650 962 712 extollens
985 650 1127 712 laudibus
1152 651 1294 732 quietam
1324 695 1325 698 η

240 766 271 817 et
283 754 496 834 solitudinem,
512 759 581 838 quis
601 756 722 840 abessse¹
745 757 845 818 taedia
869 769 899 819 et
919 758 1113 836 offensiones,
1136 779 1177 818 ao
1200 779 1295 840 prae-

238 865 327 945 cipua
346 885 449 926 rerum
477 865 607 925 maxime
639 866 760 948 agitari.
814 865 862 926 Ac
883 866 962 926 forte
994 863 1098 926 habita
1133 887 1193 950 per
1224 853 1344 935 illosltl

237 971 302 1030 dies
323 970 361 1030 de
379 971 510 1030 Votieno
532 971 699 1048 Montano,
720 969 849 1032 celebris
878 971 994 1054 ingenii
1030 975 1123 1070 vigo,
1151 977 1292 1056 cognitio

238 1087 432 1140 cunctantem
452 1082 513 1140 iam
534 1080 693 1140 Tiberium
713 1079 866 1163 perpulit,
894 1093 930 1142 ut
957 1083 1098 1144 vitandos
1136 1085 1290 1145 crederet

237 1195 360 1266 patrum
381 1197 481 1246 coetus
505 1205 670 1268 vocesque,
694 1178 772 1268 quae
793 1185 974 1270 plerumque
1005 1211 1097 1250 verae
1125 1203 1158 1252 et
1182 1210 1293 1274 graves

238 1314 341 1352 coram
375 1291 602 1375 ingerebantur.
651 1293 731 1352 Nam
755 1292 909 1374 postulato
941 1295 1143 1356 Votieno‘ob
1177 1309 1312 1358 contu-‘

144 1393 148 1404 ’
222 1399 342 1464 ¹melias
363 1404 395 1461 in
414 1401 577 1462 Caesarem
600 1401 706 1477 dictas,
729 1407 813 1464 testis
834 1405 981 1464 Aemilius
999 1427 1015 1466 e
1033 1404 1226 1468 militaribus
1242 1409 1289 1468 vi·
1313 1425 1344 1465 ro

211 1539 214 1548 ·
237 1509 279 1568 ris
300 1507 375 1566 tium
395 1507 496 1568 studio
519 1503 668 1589 probandi
689 1520 799 1570 cuncta
820 1509 912 1569 refert
934 1519 985 1590 et,
1007 1533 1187 1594 quanquam
1211 1516 1292 1576 inter

238 1615 463 1698 obstrepentes,
485 1637 594 1698 magna
615 1619 838 1677 asseveratione
853 1619 983 1692 nititur,
1006 1619 1126 1682 audivit
1140 1623 1290 1685 Tiberius

238 1723 373 1806 probra,
399 1727 466 1806 quis
487 1745 541 1805 per
575 1724 729 1785 occultum
757 1724 972 1805 lacerabatur,
1004 1729 1141 1812 adeoque
1169 1729 1291 1814 percal·

240 1853 291 1890 sus
302 1841 358 1902 *cst
380 1843 415 1900 ut
425 1840 459 1894 'se
476 1831 524 1894 vel
547 1835 648 1893 statim
664 1831 713 1894 vel
728 1834 760 1892 in
775 1835 950 1916 cognitione
964 1850 1166 1920 purgaturum
1183 1840 1292 1900 elauri-

239 1947 337 2014 tareI,
362 1942 560 2022 precibusque
590 1940 818 2022 proximorum,
839 1941 1014 2026 adulatione
1035 1936 1176 2006 omnium
1199 1968 1289 2030 aegre
1309 1953 1341 2016 15

240 2059 435 2130 componeret
456 2051 602 2111 animum.
644 2051 686 2108 Et
707 2050 856 2111 Votienus
879 2052 1003 2134 quidem
1026 2056 1194 2115 maiestatis
1215 2075 1290 2136 poe·
1371 2033 1375 2038 i

240 2158 288 2216 uis
308 2154 433 2216 affectus
449 2168 518 2215 est:
544 2153 658 2213 Caesar
680 2155 837 2219 obiectam
850 2157 925 2216 ‘sibi
953 2159 1100 2243 adsersus
1132 2181 1205 2222 reos
1237 2163 1288 2220 in-

333 2407 353 2442 r.
373 2387 500 2440 manibus
519 2372 563 2444 ab
583 2389 716 2442 inanibus
736 2390 892 2448 beroaldus.

330 2503 355 2544 a.
376 2503 480 2556 augere
498 2485 542 2537 M:
561 2489 661 2556 augeri
678 2485 833 2540 Rhenanus.
854 2484 1069 2556 -Quanquam
1095 2485 1129 2536 ad
1153 2485 1288 2538 tuendam

241 2590 368 2634 neutram
387 2583 517 2651 temporis
537 2581 681 2650 praeteriti
702 2585 811 2636 auxisse
825 2581 1052 2652 significationem
1067 2583 1132 2632 satis
1147 2591 1223 2634 certa
1240 2599 1288 2632 ex-

189 2697 196 2705 ·
232 2671 331 2748 ¹empla
355 2693 387 2730 ex
407 2677 510 2728 Catone
533 2685 560 2730 et
578 2677 709 2747 Sallustio
738 2679 883 2748 Plinioque
913 2677 965 2745 (Cf.
986 2676 1081 2731 Duker
1099 2675 1133 2727 ad
1159 2677 1218 2727 Liv.
1238 2677 1288 2738 ΙΙΙ,

158 2785 160 2794 ’
240 2777 276 2837 6,
295 2775 318 2828 'a-
348 2775 488 2826 Ernestius
508 2771 543 2824 ad
563 2773 636 2828 hanc
655 2772 747 2824 Taciti
765 2773 868 2844 locum)
887 2773 971 2824 allata
989 2780 1071 2834 sunt,
1098 2771 1163 2824 inde
1183 2782 1286 2838 ktamen

240 2871 362 2924 noudum
381 2869 526 2942 probatum
546 2879 586 2921 cst
599 2870 653 2922 dici
666 2872 751 2921 ctiam
768 2887 869 2940 augere
885 2886 933 2940 pro
952 2869 1051 2941 augeri
1066 2867 1110 2922 vel
1125 2883 1283 2939 augescere:

143 2957 150 2980 ⁸
240 2984 303 3019 narn
333 2967 381 3036 qni
410 2964 445 3015 ad
472 2965 525 3016 hoc
549 2965 789 3018 demonstrandum
815 2965 994 3032 proferuntur
1021 2965 1075 3016 loci
1104 2981 1136 3016 ex
1170 2963 1283 3048 Catullo

240 3059 351 3130 (Lxlv,
373 3062 445 3128 323.)
467 3067 495 3111 et
513 3059 641 3112 Lucretio
661 3061 711 3128 (11,
732 3061 839 3132 not),
867 3061 898 3110 in
924 3061 958 3109 iis
985 3061 1092 3130 passiva
1120 3057 1286 3126 significatio

240 3147 309 3207 fals'o
329 3133 496 3224 agnoscitum
527 3155 626 3207 deinde
650 3156 736 3206 multo
756 3157 846 3206 miuus
865 3155 973 3206 ostendi
999 3163 1091 3224 potest
1115 3157 1172 3209 slve
1188 3155 1284 3226 ‚Taci-

240 3257 299 3301 turn
318 3251 375 3302 sive
394 3250 479 3299 ullum
507 3251 641 3302 sermonis
671 3249 805 3318 pedestris
831 3251 990 3322 scriptorem
1018 3267 1118 3322 augere
1143 3245 1283 3320 praesenti

240 3352 363 3413 tempore
383 3345 581 3412 significatione
601 3354 698 3397 neutra
717 3348 761 3397 vel
779 3348 887 3416 passiva
905 3347 1067 3400 admisisse:
1088 3345 1171 3398 immo
1202 3343 1283 3398 Taci-

241 3446 286 3492 tus
307 3439 341 3491 ad
357 3441 584 3507 significationem
605 3449 730 3494 neutram
750 3441 954 3510 exprimendam
976 3448 1132 3492 constanter
1157 3455 1223 3490 usus
1243 3439 1285 3486 est

242 3531 329 3586 forma
350 3552 504 3606 augescere.
554 3535 632 3587 cont
652 3535 720 3586 dnn.
740 3535 767 3598 1,
787 3554 829 3606 79.
864 3537 967 3593 Histor.
1009 3537 1053 3600 Il,
1079 3535 1120 3602 34.
1153 3535 1283 3598 lv,1.6=·

199 3691 203 3705 Ι
241 3627 284 3690 V,
304 3631 344 3696 sl.
364 3631 424 3699 Agr.
447 3635 468 3686 3.
506 3629 644 3698 Quoniam
663 3641 772 3702 tempas
791 3631 1104 3701 praeteritumaverbc
1133 3639 1282 3700 augescere

241 3723 345 3778 lactum
368 3719 481 3790 deerat,¹
499 3727 561 3779 ideo
581 3715 690 3780 auxisse
710 3737 808 3780 neutra
826 3729 1027 3800 significatione
1047 3728 1191 3782 admittere
1215 3723 1283 3775 cato

244 3837 273 3871 er
298 3821 443 3873 Sallustius
477 3823 537 3872 ausi
566 3831 638 3873 sunt.
691 3822 752 3876 vid.
784 3823 854 3876 Gell.
887 3823 994 3888 XVIII,
1024 3843 1061 3879 ra.
1101 3823 1164 3877 salt.
1190 3819 1281 3885 fragm·

183 3926 188 3932 ’
246 3915 319 3986 apud
337 3905 461 3970 Curtium
481 3933 508 3988 p.
526 3916 585 3986 947·
626 3961 629 3968 .
783 3911 784 3914 ¹

181 4083 286 4146 „a

268 4151 274 4166 0
