2900 4724
254 293 331 365 ete
684 295 894 358 ANNALIUM

114 483 140 554 (a
163 485 340 562 &tepente
358 476 461 535 oculos
484 474 596 534 inimici
615 484 778 554 properata
801 475 837 534 sit
855 469 990 546 inillam
1008 448 1184 551 supremum
1205 466 1298 528 Claro

266 581 393 642 diorum
413 579 611 660 sanguinein,
628 589 732 660 stupro
762 581 847 660 prius
868 599 958 660 quam
993 597 1108 648 veneno
1136 574 1297 657 pollutum.

268 686 506 748 Festinatiouenr
527 686 732 768 exsequiarum
752 687 850 746 edicto
872 687 980 746 Caesar
1000 683 1145 760 defendit,
1165 704 1182 742 a
1203 683 1299 740 maio.

269 794 356 856 ribus
377 793 548 853 institutum
570 794 710 854 referens
726 779 907 853 subtrahere
930 791 1025 852 oculis
1055 789 1165 850 acerba
1191 786 1301 846 lunera

270 921 371 982 neque
389 898 617 960 laudationibus
636 911 688 960 aut
706 921 816 981 pompa
831 899 978 960 detinere.
1006 899 1166 988 ⁸Ceterum
1187 905 1216 955 et
1240 892 1296 954 sibi
1319 893 1339 952 5

190 991 194 1000 ’
270 1010 381 1068 amisso
413 1007 517 1068 fratris
543 1007 656 1068 auxilio
679 1007 809 1088 reliquas
822 995 896 1090 'spes
917 1009 946 1066 in
967 1005 1138 1088 republica
1159 1002 1250 1071 sites,
1271 1009 1303 1060 et

270 1126 359 1176 tanto
379 1117 475 1196 magis
489 1113 652 1174 fovendum
674 1115 813 1195 patribus
834 1113 1009 1196 populoque
1032 1111 1219 1194 principem,
1248 1104 1303 1186 qui

271 1243 352 1284 unus
374 1229 545 1303 superesset
570 1242 589 1282 e
617 1221 729 1280 familia
759 1243 910 1282 sirmmum
946 1220 985 1280 ad
1017 1219 1163 1300 fastigium
1192 1211 1303 1295 genita.

270 1331 350 1392 Exin
380 1328 542 1412 largitione
567 1331 739 1412 potissimos
770 1333 936 1391 amicorum
960 1331 1050 1388 auxit.
1100 1327 1159 1386 Nec
1177 1315 1363 1406 defuereiss

271 1435 325 1518 qui
346 1446 511 1516 arguerent
530 1438 609 1496 viros
631 1439 811 1517 gravitatem
836 1427 1061 1507 asseverantes,
1091 1429 1172 1512 quod
1195 1428 1301 1487 domos
1327 1438 1363 1476 ¹0

161 1562 165 1570 ’
271 1542 359 1604 villas
371 1543 404 1602 id
423 1544 574 1628 temporis
593 1544 682 1626 quasi
706 1542 848 1624 praedam
871 1541 1048 1604 divisissent.
1091 1537 1151 1598 Alii
1171 1533 1303 1594 uecessi-

271 1656 366 1707 tatem
385 1647 556 1709 adhibitam
576 1649 742 1719 eredebant
770 1670 787 1707 a
811 1648 970 1730 principe,
992 1645 1113 1706 sceleris
1144 1641 1200 1702 sibi
1228 1661 1303 1702 con·

274 1755 337 1814 scio
356 1763 390 1812 et
410 1760 529 1820 reniam
540 1767 689 1838 sperante,
711 1778 733 1816 st
726 1755 959 1838 largitionibus
972 1752 1187 1813 validissimum
1203 1769 1304 1830 quem·

272 1882 331 1942 que
354 1861 575 1938 obstrinxisset.
619 1861 662 1921 At
680 1864 788 1922 matris
807 1862 850 1920 ira
871 1857 954 1920 nulla
976 1857 1179 1918 munificentia
1201 1851 1306 1930 leniri,

255 1964 328 2027 „sed
347 1964 491 2046 amplecti
506 1966 677 2042 Octaviam,
704 1966 815 2026 crebra
835 1987 904 2026 curn
925 1966 1028 2024 amicis
1046 1971 1159 2022 secreta
1180 1961 1306 2032 babere,
1333 1953 1375 2015 ὦ

274 2095 366 2156 super
384 2075 551 2156 ingenitam
571 2076 730 2134 avaritiam
751 2074 885 2155 undique
907 2075 1048 2154 pecunias
1066 2071 1150 2152 quasi
1181 2070 1212 2130 iu
1232 2069 1310 2130 sub-

274 2181 385 2241 sidium
407 2179 570 2259 corripere,
593 2179 732 2239 tribunos
756 2190 786 2240 et
808 2181 999 2240 centuriones
1020 2180 1146 2240 comiter
1161 2177 1311 2257 excipere,
1387 2258 1391 2264 ἱ

275 2289 398 2348 nomina
421 2297 450 2345 et
473 2289 603 2346 virtutes
622 2285 769 2346 nobilium
781 2333 791 2364 ,
819 2291 870 2370 qui
904 2288 994 2347 etiam
1022 2297 1086 2346 tum
1111 2291 1309 2365 supereraut,

185 2378 193 2384 ’
275 2397 307 2454 in
330 2393 446 2462 bonore
474 2392 598 2472 habere,
622 2396 707 2476 quasi
730 2406 889 2476 quaereret
910 2394 1067 2454 decentet
1091 2400 1201 2473 partes.
1227 2392 1306 2472 Cog-

275 2501 374 2560 nitum
403 2501 433 2560 id
463 2501 595 2575 Neroni,
629 2499 828 2581 excubiasque
855 2498 1006 2572 militares,
1027 2519 1105 2579 quae
1127 2509 1162 2558 ut
1175 2497 1303 2580 ‘coniugi
1328 2514 1367 2559 20
1426 2491 1427 2538 i

276 2607 468 2690 imperatorie
493 2607 578 2680 olim,
617 2620 683 2668 tum
705 2620 740 2668 ut
770 2609 860 2668 matri
890 2607 1108 2684 servabantur,
1130 2617 1160 2668 et
1179 2607 1308 2666 Germa·

168 2732 172 2736 ·
276 2735 332 2774 nos
353 2735 445 2794 snper
467 2713 596 2775 eundem
615 2714 762 2774 honorem
786 2713 925 2776 custodes
936 2713 1063 2774 additos
1077 2709 1192 2793 digredi
1212 2713 1308 2779 iubet.

276 2824 321 2883 Ac
342 2843 380 2880 oe
399 2833 487 2882 coetu
505 2819 698 2882 salutantium
728 2823 989 2904 frequentaretur,
1024 2829 1143 2900 separat
1164 2819 1305 2897 domurn,

276 2937 467 3008 matremque
488 2928 629 2988 transfert
650 2931 681 2988 in
703 2949 769 2990 eam
790 2949 867 3010 quae
887 2929 1039 2988 Antoniae
1060 2926 1180 3002 suerat,
1202 2930 1303 3008 quoti-

277 3052 331 3090 ens
351 3033 413 3111 ipsc
427 3030 500 3090 illuc
520 3033 692 3110 ventitaret,
714 3045 834 3114 saeptus
854 3032 943 3092 turha
959 3032 1171 3093 centurionum
1192 3044 1303 3114 etpost
1329 3057 1365 3118 25

276 3137 371 3198 breve
389 3135 524 3196 osculum
546 3138 727 3219 digrediens.
750 3139 832 3200 Nihil
853 3160 956 3200 rerum
978 3136 1154 3198 mortalium
1174 3149 1236 3198 tam
1260 3140 1302 3198 in·
1312 3152 1364 3240 19

278 3245 385 3306 stabile
406 3267 443 3304 ac
456 3243 568 3308 fluxum
589 3259 635 3307 est
651 3270 742 3328 quam
765 3247 843 3307 fama
863 3250 1016 3330 potentiae
1035 3268 1095 3314 non
1112 3265 1166 3308 aua
1178 3250 1207 3308 vi
1229 3251 1304 3312 nixa.

362 3435 387 3486 3.
406 3432 438 3484 id
454 3452 471 3485 e
492 3437 555 3486 mei.
574 3433 698 3500 codices,
717 3436 748 3488 id
764 3437 865 3490 delevit
888 3435 1033 3486 Ernestiua.
1320 3335 1363 3444 ρ

351 3545 388 3594 17.
411 3528 549 3597 corripere
571 3528 696 3595 Lipsiua:
718 3531 822 3582 codices
840 3530 1001 3597 corripiens·

348 3638 390 3672 nr.
409 3621 490 3680 olim,
509 3633 564 3674 tum
583 3621 826 3691 Lipsiuszsolitum
847 3624 960 3676 codices.

349 3731 392 3764 aa.
408 3711 527 3786 digredi]
547 3713 661 3786 degredi
677 3719 794 3768 coniecit
820 3717 976 3779 limenius,
999 3714 1047 3766 sed
1066 3719 1088 3768 si
1110 3714 1221 3786 digredi
1244 3735 1305 3768 cum

279 3805 418 3856 codicibus
438 3814 572 3874 tenemus,
589 3808 724 3861 Neronem
736 3810 931 3862 Germanorum
944 3809 1084 3864 cohortem
1095 3813 1229 3864 dimisisse
1243 3831 1302 3864 een·

209 3936 213 3942 .
279 3900 366 3951 tenua
385 3908 434 3963 est,
457 3902 532 3972 quod
550 3901 660 3973 quidem
680 3920 734 3956 non
754 3905 855 3956 factitat
872 3921 930 3958 erre
947 3922 1030 3960 oeno
1045 3913 1135 3975 potere
1153 3905 1303 3962 ostendere.
