2862 4730
207 281 246 344 m
617 270 830 344 cunamen
872 241 875 248 ’

53 471 84 523 t·
98 468 130 526 C.
143 469 194 542 ιδ.)
209 467 347 550 Segestes
367 465 480 526 vietam
511 464 629 546 ripam,
659 461 802 522 redderet
828 456 891 522 tilio
916 461 1143 524 sacerdotium:
1168 461 1247 527 Ger·

208 595 314 635 manos
347 590 505 653 uunquam
533 571 605 632 satis
637 578 829 628 excusaturos
860 567 945 650 quod
977 569 1056 630 inter
1075 567 1184 631 Albim
1214 581 1248 633 et

207 683 348 743 libanum
371 680 470 762 virgas
493 690 524 739 et
544 699 676 739 secures·
695 687 728 738 et
760 689 864 760 togam
884 676 1028 740 viderint.
1071 676 1151 739 Aliis
1173 700 1248 761 gen·

207 789 287 848 tibus
309 788 481 868 ignorantia
501 785 620 868 imperii
644 787 775 848 Romani
798 787 960 867 inexperta.
984 805 1047 846 esse
1076 787 1245 869 supplicia,

207 897 308 956 nescia
330 894 567 976 tributa31quae
588 891 714 975 quando
739 894 893 969 exuerint,
912 893 1078 974 irritosque
1099 891 1247 954 discesse-
1270 885 1289 948 5
1414 879 1415 888 ¹

205 1001 247 1062 rit
268 1001 321 1066 ille
341 1004 426 1064 inter
448 1000 575 1062 numina
595 999 713 1062 dicatus
734 1003 907 1084 Augustus,
929 999 982 1061 ille
1001 1000 1138 1062 delectus
1153 1001 1262 1062 Tibe--

205 1109 286 1188 rius,
305 1131 346 1172 nc
369 1110 543 1191 imperitum
564 1106 846 1184 adulescentulum,
866 1127 905 1167 ne
929 1106 1107 1168 seditiosum
1133 1109 1250 1169 exerci-

113 1261 117 1282 .
204 1227 272 1279 tum
304 1226 528 1299 pavescerent
567 1214 600 1276 Si
628 1215 758 1297 patriam
790 1218 934 1297 parentes
967 1213 1094 1296 antiqua
1125 1215 1251 1276 mallent

205 1325 458 1409 quemdominus
480 1323 665 1386 eteolonias
699 1345 814 1404 novas,
846 1324 1023 1386 Arminium
1050 1326 1150 1404 potius
1183 1324 1249 1406 glo·

205 1434 270 1496 riae
289 1453 327 1494 ac
348 1430 501 1494 libertatis
521 1453 614 1516 quam
636 1435 792 1518 Segestem
814 1414 982 1518 flagitiosae
1008 1432 1164 1496 servitutis
1188 1431 1298 1494 du-10

207 1559 275 1602 cem
307 1551 521 1624 sequerentur.
565 1540 687 1603 Conciti
706 1563 765 1624 per
787 1541 863 1604 hacc
897 1561 959 1602 non
982 1539 1076 1600 modo
1091 1519 1306 1602 Cheruscissll

205 1648 258 1710 sed
279 1643 489 1710 conterminae
509 1659 632 1732 gentes,
664 1659 843 1734 tractusque
863 1651 895 1710 in
918 1650 1013 1732 partis
1040 1646 1249 1730 Inguiomerus

206 1743 341 1820 Arminii
361 1765 505 1840 patruus,
528 1757 626 1820 veteri
649 1757 732 1841 apud
751 1743 905 1821 Romanos
929 1756 1133 1832 auctoritate;
1166 1753 1250 1814 unde

104 1879 108 1888 ’
206 1865 304 1928 maior
323 1865 444 1927 Caesari
467 1873 576 1926 metus.
619 1863 719 1926 Etne
747 1863 866 1926 bellum
885 1864 967 1926 mole
997 1885 1059 1926 una
1079 1864 1248 1946 ingrueret,

207 1973 369 2036 Caecinam
389 1992 460 2034 cum
477 1971 678 2055 quadraginta
691 1971 870 2034 cohortibus
883 1970 1032 2033 Romanis
1048 1969 1247 2032 distrahendo
1262 1955 1299 2019 ¹5

207 2079 288 2143 hosti
305 2101 362 2163 per
381 2080 546 2143 Bructeros
575 2078 615 2140 ad
647 2078 763 2142 flumen
783 2079 933 2141 Amisiam
963 2078 1080 2156 mittit3
1117 2078 1250 2160 equitem

206 2186 292 2250 Pedo
319 2185 489 2270 praelectus
514 2187 628 2250 finibus
657 2185 838 2248 Frisiorum*
860 2187 965 2273 ducit3
1001 2189 1066 2268 ipse
1094 2185 1250 2267 impositas

208 2296 340 2358 navibus
358 2307 504 2378 quattuor
524 2293 660 2378 legiones
688 2293 844 2376 periacus
863 2297 965 2375 vexit3
987 2291 1137 2378 simulque
1156 2294 1250 2377 pedes

177 2437 185 2453 »
211 2423 302 2488 eques
322 2403 423 2466 classis
447 2403 530 2488 opud
553 2401 744 2486 praedictum
764 2423 1103 2502 omnemnconreuere.v
1131 2405 1247 2470 Chauci
1298 2454 1302 2464 .

207 2522 506 2538 m—

299 2593 320 2633 ι.
338 2574 536 2649 secerdotium]
570 2567 755 2630 secerdotium
781 2572 919 2630 hominum
941 2577 982 2633 Μ.
997 2586 1041 2618 '··
1071 2580 1111 2632 lix
1147 2579 1251 2634 codicis

210 2669 345 2744 scriptura
363 2684 452 2740 nuper
469 2669 580 2722 demum
607 2663 937 2740 coguitcsacerdotium‚
956 2670 1091 2728 hominem
1110 2676 1178 2728 fecit
1195 2680 1247 2731 Bc·

209 2763 340 2829 roaldus,
366 2777 484 2838 cumque
507 2765 650 2816 immutata
670 2764 894 2832 interpunctione
926 2763 1140 2834 (sacordoriumg
1157 2771 1246 2827 hm:

211 2859 284 2931 nem)
302 2859 415 2930 plurimi
434 2859 554 2914 editores
573 2861 661 2912 secuti
678 2866 752 2917 suut.
774 2861 845 2926 ced
868 2861 986 2915 otiosum
1014 2865 1084 2920 illud
1111 2868 1251 2923 bominum

211 2961 260 3006 sut
271 2931 460 3026 'dittographia
478 2973 512 3008 ex
531 2954 718 3024 sacerdotium
736 2962 825 3008 ortum
846 2963 901 3020 cst,
927 2969 976 3013 aut
995 2962 1134 3018 adiectum
1150 2964 1186 3018 ab
1205 2969 1251 3019 in·

212 3050 396 3120 terpolatore5
423 3053 472 3126 qui
499 3067 531 3102 ea
552 3066 618 3104 voce
636 3051 753 3104 indicari
774 3051 891 3109 volebat
911 3052 1106 3124 Segimundum
1125 3059 1159 3111 ad
1177 3079 1251 3116 aram

213 3143 366 3211 Ubiorum,
391 3145 421 3196 iu
437 3145 569 3199 honorem
587 3147 701 3218 Augusti
719 3155 920 3214 constructam,
951 3139 1104 3206 sacerdotio
1135 3156 1252 3210 deiunc-

212 3247 271 3292 tum
287 3255 354 3291 esse.
390 3239 475 3310 Quod
492 3241 608 3296 Wolfius
630 3242 727 3307 dedit,
754 3241 939 3300 sacerdotium
956 3249 1129 3315 Romanum,
1157 3253 1252 3306 adiec-

214 3338 300 3388 tivuna
320 3351 675 3406 prorsussupervacaaeum
694 3348 753 3402 est,
780 3357 841 3392 cum
863 3358 897 3392 cx
915 3350 979 3394 aute
1000 3319 1115 3397 narratis
1141 3348 1177 3412 (c.
1196 3347 1249 3421 57.)
1327 3349 1329 3356 '

214 3437 312 3500 sponte
339 3427 519 3504 intelligatur.
564 3423 772 3502 Componrmtur
797 3437 919 3504 Segestes
947 3447 974 3490 et
989 3437 1092 3512 filius,
1122 3439 1169 3513 qui
1194 3442 1251 3496 iam
1342 3467 1345 3475 *

215 3531 279 3578 sunt
299 3527 432 3590 Romani,
451 3538 513 3578 cum
536 3523 683 3582 Germanis
700 3539 733 3586 eo
759 3531 872 3582 nomine
890 3529 997 3600 dignis,
1026 3533 1068 3584 illi
1087 3535 1140 3605 qui
1155 3537 1253 3593 colunt

212 3623 314 3676 metam
334 3623 424 3696 ripum
443 3639 475 3674 ac
493 3625 676 3677 sacerdotium
694 3632 806 3676 exutum
826 3631 966 3694 repetunt,
985 3641 1045 3677 cum
1064 3627 1099 3680 iis
1114 3631 1162 3701 qui
1178 3649 1253 3686 nun-

216 3735 299 3789 quam
316 3719 387 3770 sutis
405 3720 567 3773 excusatori
585 3732 649 3772 sunt
667 3718 742 3791 quod
761 3722 837 3774 inter·
854 3717 946 3773 Attin
964 3733 998 3773 ee
1011 3720 1132 3778 Iilssnnm
1149 3728 1249 3798 virgas

219 3823 244 3866 st
264 3826 373 3892 recures
385 3824 417 3884 st,
428 3826 529 3884 togam.
539 3811 677 3866 viderunt.
1257 3813 1259 3817 ’

293 3925 333 3978 ¹9·
353 3925 437 3979 equos
455 3908 558 3963 classes
577 3907 619 3973 tt;
637 3909 755 3963 correxit
773 3907 929 3964 Beroaldus.
