2862 4730
405 301 502 371 'Llu
524 305 565 372 ll.
610 306 699 370 CAP.
718 305 850 372 26-30.
1109 337 1112 354 ·
1143 305 1183 367 85

141 489 291 551 Libonem
314 500 405 550 ornat
427 501 595 572 praetura,
617 488 805 550 convictibus
832 489 974 567 adhibet,
1003 511 1065 550 non
1100 487 1184 548 vultu
1199 497 1225 560 (a
1245 489 1334 557 Cur.)

142 599 304 679 alienatus,
327 622 388 660 non
412 600 511 660 verbis
537 601 720 660 commotior
747 597 846 679 (adeo
876 600 951 660 iram
979 596 1185 672 condiderat),

141 719 315 790 cunctaque
338 711 404 768 eius
425 707 505 768 dicta
531 695 679 789 factaque,
700 729 769 768 cum
791 707 955 789 prohibere
974 716 1086 788 posset,
1110 705 1186 765 scire
1291 726 1293 732 ’

141 814 288 892 malebat,
310 813 408 874 donec
430 816 535 876 Iunius
564 815 713 898 quidam,
741 826 876 877 tentatus
911 829 944 876 ut
965 815 1097 874 infernas
1118 833 1188 871 um-

105 917 215 988 ⁴5bras
236 923 424 983 carminibus
443 922 578 999 eliceret,
600 923 640 982 ad
665 921 841 984 Fulcinium
870 921 1017 981 Trionem
1043 921 1188 982 indicium

145 1031 263 1098 detulit.
309 1033 437 1094 Celebre
457 1035 537 1092 inter
559 1045 749 1094 accusatores
770 1033 891 1090 Trionis
926 1030 1086 1113 ingenium*
1111 1042 1187 1102 erat,

146 1139 332 1220 avidumque
353 1141 451 1202 famae
474 1140 578 1201 malae.
633 1141 740 1201 StatIm
764 1141 887 1220 corripit
910 1161 1008 1214 reum,
1032 1139 1095 1199 adit
1117 1161 1191 1199 con·

146 1248 239 1322 sales,
261 1249 465 1326 cognitionem
487 1256 608 1310 senatus
628 1251 735 1327 poscit.
778 1248 820 1306 Et
843 1257 993 1306 vocantur
1016 1255 1116 1324 patres
1137 1243 1192 1302 ad-

86 1341 211 1420 &ildito
224 1353 460 1417 consultandum
478 1378 570 1437 super
591 1377 626 1416 re
649 1378 758 1436 magna
786 1366 815 1416 et
847 1358 952 1416 atroci.
1004 1352 1081 1413 Libo
1113 1343 1193 1412 inte-

98 1487 136 1525 10
148 1465 207 1520 rim
229 1472 313 1544 veste
335 1471 451 1520 mutata
473 1483 542 1520 cum
560 1445 747 1543 primoribus
761 1463 881 1521 feminis
896 1462 1057 1520 circumire
1078 1459 1193 1536 domos,

147 1587 235 1625 orare
257 1565 376 1643 affines,
401 1587 507 1624 vocem
534 1567 696 1627 adversum
720 1565 852 1647 pericula
875 1587 1020 1646 poscere,
1055 1566 1198 1640 abnuens

148 1671 380 1744 tibus'cunctis‚
403 1692 473 1730 cnm
494 1670 612 1731 diversa
637 1671 1008 1752 praetenderenueadem
1021 1669 1194 1730 formidine.

147 1777 207 1839 Die
229 1771 354 1840 senatus
375 1787 457 1836 nictu
480 1787 512 1836 et
540 1775 730 1860 aegritudine
753 1781 868 1856 sessus,
899 1779 961 1839 sive
988 1788 1023 1836 ut
1044 1779 1197 1839 tradidere

145 1883 294 1968 quidam,
327 1881 470 1944 simulato
499 1886 606 1945 morbo
636 1887 740 1946 lectica
771 1886 889 1948 delatus
917 1885 956 1946 ad
978 1885 1196 1970 formariae,

101 1985 329 2073 15ilmisusque
350 1993 447 2064 fratri,
472 2005 502 2053 et
522 2015 633 2054 manus
653 2017 688 2055 cc
706 1996 854 2079 supplices
876 2017 963 2056 voces
984 1994 1026 2055 ad
1037 1993 1198 2054 Tiberium
1238 1983 1240 1992 ¹

91 2130 93 2135 ·
149 2099 300 2178 tendens,
332 2103 458 2163 immoto
482 2105 558 2163 eius
587 2103 674 2164 vultu
710 2107 871 2187 excipitur.
916 2097 986 2165 Mox
1023 2101 1140 2163 libellos
1170 2112 1200 2162 at

151 2223 292 2272 auctores
315 2211 421 2271 recitat
442 2211 566 2291 Caesar,
589 2215 629 2273 ita
652 2213 814 2274 moderans
837 2234 877 2274 ne
898 2212 994 2274 lenire
1015 2232 1093 2274 neve
1113 2231 1200 2291 aspe-
1258 2229 1262 2243 ¹

97 2317 226 2396 30rare
246 2317 374 2378 crimina
398 2317 566 2406 rideretur.
621 2319 824 2380 Accesserant
854 2331 974 2403 praeter
1002 2322 1047 2380 Tr
1060 2338 1149 2410 onem
1173 2327 1202 2376 et
1267 2361 1272 2368 .
1339 2309 1340 2319 ¹

157 2429 266 2488 Catum
291 2439 482 2488 accusatores
504 2429 651 2489 Fonteius
673 2431 805 2510 Agrippa
827 2441 856 2490 et
878 2429 1123 2504 Gaius'Vibius,
1137 2447 1203 2485 cer-

105 2535 323 2616 aotabantque
342 2536 392 2593 ciri
413 2537 461 2594 ius
480 2534 646 2616 perorandi
675 2539 706 2595 in
729 2553 813 2596 reum
836 2537 987 2606 daretur,
1021 2533 1124 2595 donec
1147 2534 1203 2593 Vi-

154 2643 237 2721 bius,
257 2643 329 2725 quia
351 2663 407 2704 nec
428 2645 485 2726 ipsi
513 2645 591 2704 inter
613 2666 646 2706 se
667 2645 868 2705 concederent
900 2656 931 2705 et
951 2644 1031 2704 Libo
1063 2646 1127 2703 s'ne
1150 2661 1204 2723 pa·

155 2764 247 2812 trono
267 2753 429 2824 introisset,
455 2749 633 2834 singillatim
655 2773 686 2813 se
708 2753 838 2812 crimina
866 2752 1058 2811 obiecturum
1089 2751 1204 2831 proles.

104 2845 108 2866 ¹
156 2883 219 2940 sus,
244 2858 371 2942 protulit
391 2858 509 2922 libellos
531 2860 677 2922 vecordes
697 2861 801 2938 adeo,
826 2871 862 2922 ut
881 2857 1096 2920 consultaverit
1118 2859 1205 2918 Libo,
1261 2907 1265 2912 .

157 2987 195 3026 an
218 2965 380 3028 habiturus
403 2969 482 3030 foret
499 2990 585 3052 opes,
608 2971 676 3052 quis
694 2971 773 3030 viam
798 2955 927 3051 Appiam
941 2966 1135 3028 Brundisium
1156 2988 1207 3026 us-

112 3069 219 3158 25que
244 3077 372 3156 pecunia
388 3077 533 3158 operireti
578 3077 704 3138 lucrant
722 3075 828 3136 etalio
847 3075 1069 3146 huiuscemodi,
1098 3071 1207 3134 stolida

159 3205 250 3260 vana,
271 3189 295 3244 si
317 3183 440 3245 mollius
459 3187 633 3267 acciperes,
656 3185 838 3246 miseranda.
882 3183 1074 3258 Unitamen
1105 3181 1208 3242 libello
1260 3263 1267 3274 Ι

159 3313 251 3352 mauu
271 3293 398 3352 Libonis
415 3292 590 3354 nominibus
614 3291 780 3356 Caesarum
815 3303 868 3352 aut
889 3287 1067 3352 senatorum
1093 3287 1209 3348 additas

152 3409 281 3462 'atroces'
294 3399 343 3476 uel
364 3397 504 3486 occultas
520 3410 607 3461 notas
628 3409 785 3463 accusator
805 3399 960 3484 arguebat.
989 3399 1127 3482 Negante
1144 3417 1208 3473 reo,

162 3516 358 3588 agnoscentes
388 3485 493 3586 seruos
521 3531 575 3592 par
607 3519 759 3573 tormenta
786 3509 973 3590 interrogari·
1001 3507 1126 3588 placuit.
1169 3507 1210 3565 Et
1293 3506 1296 3511 ’

120 3614 237 3696 30quia
257 3625 359 3676 vetere
385 3627 507 3678 senatus
525 3617 667 3682 consulto
685 3609 822 3702 quaestio
840 3617 872 3676 iu
891 3625 984 3697 caput
1000 3615 1118 3676 domini
1133 3637 1210 3696 pro-

166 3723 341 3800 hibebatur,
365 3723 494 3788 callidus
510 3737 539 3786 et
558 3729 631 3787 novi
652 3726 729 3788 iuris
748 3737 884 3808 repertor
913 3725 1068 3803 Tiberius,
1097 3724 1211 3784 uranei·
1314 3705 1316 3708 ⁵

165 3839 460 3852 b-——o--vn—

239 3905 276 3954 ¹9·
299 3885 327 3940 θ,
349 3883 445 3936 Livius
465 3881 511 3936 M:
533 3883 563 3936 C.
592 3883 685 3935 Vibius
706 3879 833 3948 Ryclius,
861 3881 936 3935 Cous.
961 3881 1125 3950 1v‚2a29.

131 4023 135 4042 ,
176 4055 179 4064 ,
235 3997 276 4049 29.
301 3978 478 4045 interrogare
498 3973 544 4025 M:
567 3973 742 4044 interrogari
762 3975 882 4042 lipsius.
