2826 4730
454 299 530 365 tua.
558 289 598 365 tr.
641 299 732 367 car.
751 303 886 374 43-46.
1136 309 1176 373 uo

138 490 245 550 animis
274 487 519 564 exturbandum,
551 508 642 570 quam
660 489 776 550 Varum
805 481 990 566 Quintilium
1014 485 1328 572 intersece-(aC.17.)

139 601 213 657 rint.
259 599 470 660 Meminissont
491 597 584 658 modo
604 609 649 658 tot
669 598 871 680 praeliorum,
895 619 1029 680 quorum
1056 609 1178 673 eventu,

140 717 168 766 et
195 705 235 764 ad
263 717 450 786 postremum
485 708 586 766 eiectis
620 708 766 778 Romanis
787 708 858 768 satis
885 703 1068 789 probatum,
1091 727 1181 788 penes

83 777 225 874 illiricos
245 791 360 874 summa
376 809 449 876 belli
472 815 575 875 suerit.
619 809 953 897 Neque'Maroboduus
974 816 1120 876 iactantia
1134 818 1181 876 sui

106 919 189 982 5aut
213 921 330 1003 probris
351 921 382 980 in
398 912 518 982 hostem
541 923 726 1000 abstinebat,
741 924 794 985 sed
816 925 1041 1007 Inguiomerum
1062 933 1180 998 tenens,

139 1027 192 1090 illo
229 1032 257 1090 in
283 1047 413 1113 corpore
439 1033 529 1094 decus
551 1048 642 1094 om'ne
672 1033 914 1111 Cheruscorum,
942 1029 1024 1094 illius
1053 1034 1183 1094 consiliis

139 1149 222 1220 gesta
244 1156 323 1222 quae
348 1143 696 1231 prospereeeeiderint,
720 1143 912 1238 testabatur
936 1142 1098 1224 vecordem
1121 1121 1199 1204 Ar?

140 1247 269 1308 minium
296 1263 326 1312 et
341 1272 445 1312 rerum
473 1255 609 1314 nescium
633 1251 762 1314 alienam
786 1251 910 1336 gloriam
935 1252 967 1313 iu
990 1274 1021 1312 se
1042 1251 1184 1328 trahere,

140 1357 283 1438 quoniam
320 1369 386 1420 tres
420 1377 532 1422 vacuas
559 1361 692 1442 legiones
716 1369 747 1424 et
769 1361 878 1422 duoem
903 1356 1017 1422 fraudis
1039 1363 1184 1442 ignarum

94 1469 130 1513 ¹⁰
143 1464 267 1544 perfidia
295 1466 467 1549 deceperit,
488 1483 596 1549 magua
619 1490 689 1528 curn
711 1467 798 1530 'clade
823 1471 1009 1532 Germaniae
1034 1447 1185 1554 stignu-

140 1571 233 1630 minia
258 1593 332 1650 sua,
354 1591 426 1634 cum
447 1575 597 1649 coniunx,
627 1592 699 1634 cum
721 1571 802 1634 filius
822 1575 886 1648 eius
906 1573 1063 1633 servitium·
1083 1571 1184 1632 adbuc

140 1677 290 1741 tolerent.
336 1678 378 1740 At
398 1696 430 1738 se
447 1678 608 1741 duodecim
629 1679 798 1760 legionibus
820 1681 949 1761 petitum
967 1677 1045 1740 duce
1060 1677 1185 1742 Tiberio

140 1787 302 1848 illibatam
321 1790 548 1848 Germanorum
576 1787 702 1869 gloriam
729 1775 917 1849 sermavisser
942 1807 1010 1846 mox
1033 1784 1186 1850 condicio·
1238 1837 1240 1842 ,
1287 1799 1291 1816 “

111 1921 113 1925 ·
140 1894 232 1956 nibus
254 1897 357 1978 aequis
380 1895 566 1974 discessum3
589 1915 689 1977 neque
711 1896 867 1977 paenitere
890 1897 974 1978 qnod
997 1899 1135 1977 ipsortuu
1155 1896 1186 1955 in

98 1994 237 2092 ¹5manu
268 2007 307 2064 sit
327 2005 478 2086 integrum
502 2003 664 2094 adversum
695 1997 850 2066 Romanos
873 2004 989 2066 bellum
1021 2025 1060 2065 an
1082 2024 1187 2086 pacem

142 2115 336 2172 incruentam
363 2110 481 2177 malint.
528 2111 582 2171 His
614 2112 741 2172 vocibus¹
763 2113 921 2176 instinctos
945 2113 1095 2176 exereitus
1112 2131 1188 2192 pro·

142 2220 228 2299 priae
247 2238 368 2299 quoque
389 2219 502 2278 causae
522 2217 737 2296 stimulabant,
761 2237 830 2280 eum
852 2239 868 2279 a
892 2217 1053 2282 Cheruscis
1064 2220 1187 2302 Longo*

143 2321 307 2404 bardisque
341 2341 397 2404 pro
432 2327 558 2404 antiquo
599 2325 710 2387 decore
741 2337 796 2388 aut
827 2329 941 2388 recenti
968 2326 1126 2404 libertate,
1158 2334 1189 2386 et

144 2422 251 2488 contra
269 2427 423 2508 augendae
443 2429 643 2490 dominationi
661 2441 846 2505 certaretur·
892 2431 921 2492 N
924 2455 963 2494 on
982 2425 1188 2495 aliasmaiore

98 2538 225 2600 2⁰mole
257 2553 466 2615 concursum,
501 2557 601 2620 neque
629 2539 771 2622 ambiguo
803 2542 896 2620 magis
921 2536 1075 2620 eventu,
1115 2543 1188 2628 fusis

144 2648 292 2727 utrinque
313 2646 424 2708 dextris
449 2647 606 2708 cornibus.
650 2648 902 2731 sperabaturque
925 2669 1045 2710 rursum
1073 2671 1187 2734 pugna,

144 2756 176 2818 ni
197 2753 407 2815 Maroboduus
438 2767 536 2816 castra
571 2757 601 2816 in
634 2755 726 2831 colles
759 2755 960 2817 subduxisset.
1004 2757 1040 2817 ld
1068 2757 1189 2839 siguum
1242 2821 1245 2828 ,
1273 2835 1274 2840 ¹

145 2855 289 2942 perculsi
306 2861 383 2939 suit3
419 2869 450 2922 et
477 2857 654 2942 transfugiis
686 2863 829 2943 paulatim
852 2861 985 2922 nudatus
1007 2863 1039 2921 in
1065 2863 1189 2924 Marco-

146 2990 273 3030 mannos
294 2967 459 3044 concessit,
478 2968 631 3056 misitque
658 2965 772 3050 legatos
793 2966 833 3027 ad
857 2965 1018 3054 Tiberium
1044 2977 1188 3029 oraturos
1258 2967 1265 2973 ’

104 3077 274 3143 n5auxilia.
319 3076 511 3157 Responsum
532 3060 657 3137 estnon
678 3077 743 3136 iure
765 3097 835 3136 eum
855 3075 1000 3136 adversus
1016 3077 1188 3138 Cheruscos
1221 3104 1224 3117 ·

146 3207 228 3246 arura
251 3188 389 3246 Romana
420 3176 581 3261 invocare,
602 3185 654 3266 qui
674 3185 837 3268 pugnantis
859 3185 889 3245 iu
915 3187 1046 3249 eundem
1068 3187 1189 3249 hostem

146 3297 299 3356 Romanos
330 3294 413 3354 nulla
442 3315 500 3376 ope
534 3295 665 3356 iuvisset.
689 3295 817 3356 'Missus
844 3306 959 3356 tamen=
978 3298 1116 3377 Drusus,
1153 3307 1187 3356 ut

147 3402 330 3478 rettulimus,
353 3401 422 3483 paci
439 3399 587 3462 firmator.

156 3577 428 3596 a-o--d--n-m—

223 3686 259 3720 ιι.
271 3667 356 3740 filios
378 3663 414 3720 tt.

169 3781 172 3794 ’
222 3768 262 3828 ιβ.
281 3777 390 3817 recente
408 3763 445 3814 Μ.
850 3826 851 3830 ¹

219 3861 261 3912 23.
280 3857 435 3930 transfugis
454 3854 500 3911 M:
519 3852 685 3932 transfugiis
706 3853 823 3931 Lipslun

221 3959 262 4006 at·
280 3955 346 4022 paci
366 3955 410 4006 M:
430 3955 509 4024 paris
527 3955 662 4008 editiones
681 3965 745 4010 ante
767 3957 974 4058 baldericum.
1044 3972 1046 3980 '

217 4192 229 4218 A
