2862 4730
117 266 118 269 κ
222 231 265 304 64
635 209 847 295 annantnn

76 442 105 503 (a
118 435 148 495 c,
163 434 216 504 15.)
226 417 352 482 tundam
373 414 529 478 saevitiam
550 411 774 505 movendasque
795 405 899 494 populi
930 407 1108 472 offensiones
1134 431 1260 474 conces-
1321 391 1325 396 ⁵

224 549 288 591 sam
308 525 371 586 filio
393 523 574 596 materiem,
597 537 773 604 quanquam
792 519 824 580 id
841 539 965 601 quoque
984 518 1100 580 dietum
1122 530 1177 586 cst.

208 633 210 643 '
305 631 349 692 At
373 631 485 693 theatri
506 629 653 703 licentia,
675 629 813 711 proximo
834 627 940 708 priore
957 639 1174 712 annoeoepta,
1189 608 1318 710 *gra-ll
1412 615 1413 680 l

225 735 291 805 vi'us
310 748 383 799 tum>
408 739 525 822 erupit,
564 737 674 800 occisis
698 759 760 798 nou
780 736 872 799 modo
893 759 910 799 e
930 712 1020 820 plebe
1040 735 1264 798 sed'militibus

226 861 257 912 et
277 849 473 926 centurione,
496 843 657 908 vulnerato
678 845 805 906 tribuno
824 846 999 928 praetoriae
1012 846 1167 922 cohortis,
1190 843 1296 908 dum5

227 957 344 1040 probra
373 956 404 1016 in
442 955 635 1038 magistratus
666 965 696 1014 et
723 953 939 1016 dissensionem
971 953 1056 1036 vulgi
1089 953 1265 1035 prohibent.

228 1067 339 1127 Actum
360 1065 399 1126 de
420 1079 456 1124 ea
478 1063 627 1125 seditione
648 1060 729 1144 apud
749 1072 867 1142 patres,
889 1061 1134 1144 dicebanturque
1147 1071 1267 1124 senten·
1318 1071 1321 1082 ’

174 1243 178 1250 .
228 1175 309 1252 tiae,
331 1183 366 1233 ut
387 1171 581 1255 praetoribus
604 1171 653 1230 ius
672 1172 826 1266 virgarum
848 1171 881 1230 in
903 1167 1068 1232 histriones
1086 1179 1173 1231 esset.
1213 1171 1268 1231 Iu·

229 1283 365 1343 tercessit
385 1281 530 1343 Haterius
551 1279 688 1361 Agrippa
719 1277 863 1338 tribunus
891 1276 1009 1360 plebei,
1041 1279 1268 1360 increpitusque

231 1399 275 1450 est
296 1387 397 1450 Asinii
420 1385 499 1449 Galli
521 1388 683 1464 oratione,
704 1384 812 1447 silente
823 1385 971 1460 Tiberio,
994 1389 1047 1468 qui
1059 1410 1094 1450 ea
1105 1387 1269 1450 simulacra
1284 1410 1319 1472 ¹⁰.
1390 1390 1392 1396 '

134 1552 139 1564 Ι
230 1493 383 1560 libertatis
421 1495 537 1556 senatui
552 1493 743 1575 ‘praebebat
809 1491 916 1554 Voluit
946 1501 1049 1554 tamen
1079 1498 1269 1577 intercessio,

231 1602 414 1686 quiadivus
437 1587 592 1686 huigustus
614 1601 765 1663 immunes
788 1601 954 1664 verberum
975 1603 1138 1668 histriones
1170 1627 1273 1690 quon·

233 1711 305 1774 dam
328 1709 544 1796 responderat,
570 1731 672 1794 neque
690 1709 737 1771 fas
757 1709 885 1772 Tiberio
906 1709 1071 1795 infringere
1095 1712 1177 1776 dicta
1197 1716 1272 1782 eius.

161 1812 162 1821 ¹
232 1820 282 1882 De
305 1820 398 1885 modo
427 1819 540 1882 lucaris
570 1831 601 1882 et
628 1820 773 1882 adversus
802 1819 957 1882 lasciviam
988 1817 1143 1884 santorum
1168 1821 1272 1888 'multa

233 1925 463 2004 decernuntur3
486 1947 522 1986 ex
546 1925 616 2008 quis
637 1926 768 1986 maxime
796 1925 948 2005 insignia,
976 1945 1016 1985 ne
1037 1925 1144 1988 domos
1164 1926 1321 2010 panto-15

170 2042 198 2080 '-
234 2033 399 2096 mimorum
433 2041 555 2092 senator
578 2032 739 2110 introiret,
774 2052 814 2092 ne
843 2029 1024 2112 egredientis
1054 2032 1087 2094 in
1117 2023 1275 2118 publicum

235 2143 351 2224 equites
372 2140 503 2202 Romani
523 2139 709 2222 cingerent,
735 2149 788 2200 aut
811 2137 997 2222 alihiquam
1017 2143 1048 2202 in
1064 2141 1186 2201 theatro
1196 2161 1275 2223 spec·

238 2259 402 2324 terantur,
426 2259 456 2308 et
478 2249 679 2331 spectantium
697 2245 920 2309 immodestiam
939 2246 1041 2310 exsilio
1055 2246 1204 2312 multandi
1225 2269 1276 2333 po·

238 2365 333 2424 testas
348 2353 539 2437 praetoribus
560 2353 657 2416 fieret
1097 2411 1101 2416 ,

320 2458 484 2542 Templum
506 2471 540 2520 nt
559 2462 591 2520 in
624 2451 743 2520 colonia
766 2458 988 2522 Tarraconensi
1017 2471 1187 2524 strueretur
1206 2447 1331 2530 Ati-78

239 2580 335 2654 gusto
347 2567 525 2652 petentibus
545 2568 685 2650 Hispania
704 2569 907 2651 permissum,
928 2569 1095 2652 datumque
1115 2572 1147 2630 iu
1171 2593 1279 2633 omnes

239 2673 623 2761 provinciasexemplnm.
675 2674 879 2736 Centesimum
910 2697 1016 2736 rerum
1035 2675 1189 2738 venalium
1210 2689 1279 2762 post

156 2783 159 2791 ’
239 2781 321 2846 bella
342 2782 634 2844 civiliainstitutam
654 2779 837 2862 deprecante
861 2781 998 2864 populo,
1019 2783 1112 2844 edixit
1135 2785 1279 2848 Tiberius
1301 2796 1304 2800 '
1412 2831 1413 2848 t

241 2889 377 2954 militare
398 2883 554 2950 aerarium'
575 2907 612 2946 eo
631 2886 767 2948 subsidio
787 2885 864 2967 niti3
894 2887 985 2956 simul
1012 2891 1159 2972 imparem
1189 2895 1292 2953 onerix

241 3017 309 3058 rem
329 2993 494 3078 publicam,
509 2992 566 3052 nisi
587 2994 728 3055 vicesimo
751 2993 876 3055 militiae
895 2983 982 3057 anuo
996 3000 1136 3058 veterani
1152 2985 1328 3064 dimitte-25
1412 3031 1413 3082 ἦ

242 3115 370 3176 rentum
384 3105 427 3162 ita
436 3102 595 3183 proximae
603 3103 758 3165 seditionis
769 3101 848 3164 male
858 3103 1004 3183 consulta,
1026 3106 1137 3189 quibus
1146 3106 1279 3170 sedecim

139 3207 179 3274 .’
243 3210 468 3296 stipendiorum
491 3210 584 3272 finem
602 3222 830 3296 expresserant,
860 3210 1025 3300 abolitaniu
1047 3225 1214 3297 posterum.
1291 3220 1293 3228 ’

702 3309 722 3356 0
1412 3313 1413 3318 ,

331 3514 357 3555 2·
372 3495 405 3552 td
423 3493 506 3572 qnod
517 3497 562 3556 hl:
578 3495 611 3552 id
626 3517 737 3572 qnoque
753 3497 870 3570 Lipsius.

331 3589 356 3658 4.
376 3585 444 3659 tum]
464 3586 527 3642 dum
544 3589 581 3642 M.
592 3589 597 3632 ἦ

315 3683 359 3743 26.
382 3680 500 3738 sedecim
516 3684 714 3756 stipendiorum
731 3684 801 3758 finis
818 3691 861 3739 est
878 3683 940 3738 linis
956 3681 1156 3758 stipendiorum
1175 3692 1224 3762 qni
1237 3705 1281 3744 te-

138 3789 140 3795 ’
245 3778 334 3834 decim
352 3779 497 3848 stipendiis
516 3781 688 3850 impetratur.
724 3781 870 3837 Genittvm
886 3795 993 3837 causam
1012 3763 1135 3851 iudicat,
1155 3785 1228 3840 unde
1247 3785 1281 3838 ti·

245 3877 290 3930 uis
307 3883 515 3950 consequatur-⁴
