2862 4730
417 211 421 222 ’
525 247 608 358 niu·
626 245 652 312 1.
696 242 895 312 caru-6.
921 201 948 241 ²
1194 249 1214 315 s

99 504 109 515 ,
179 451 219 492 an
239 429 407 491 exanimem
431 431 613 514 reppererit.
671 419 805 492 Acribus
837 449 969 512 namque
991 409 1137 492 custodiis
1156 426 1214 488 do-

178 535 264 600 mum
290 548 321 598 et
341 539 403 598 vias
414 549 563 619 saepserat
586 538 697 616 Livia3
720 537 850 619 laetique
862 537 1016 606 interdum
1035 537 1136 598 nuntii
1152 534 1216 596 vul·

179 649 353 734 gabantur,
385 643 484 708 donee
513 647 643 728 provisis
664 666 744 728 qnae
770 655 892 728 tempus
918 643 1087 721 mouebat,
1123 643 1215 704 simul

153 749 342 820 ‘excessisse
360 755 534 838 Augustum
559 763 590 816 et
612 773 717 815 rerum
737 752 832 836 potiri
847 753 998 814 Neronem
1013 748 1095 812 bina
1107 749 1216 812 eadem

149 861 261 926 5tulit.
855 845 857 852 Ι

142 964 168 1045 6
222 1047 225 1060 Ι
261 969 540 1034 Primumt’bcinus
563 973 637 1034 novi
657 965 847 1059 principatus
866 969 924 1030 fuit
943 968 1081 1030 Postumi
1103 963 1361 1049 Agrip-(utam)

176 1100 233 1163 pae
255 1079 381 1158 caedes;
399 1099 489 1161 quem
509 1081 651 1160 ignarum
673 1080 886 1160 inermumque
913 1077 1052 1158 quamvis
1077 1067 1252 1136 firmatus(a
1267 1065 1296 1116 C·
1311 1065 1362 1138 ¹l·)

181 1189 285 1250 animo
307 1187 445 1248 centurio
469 1207 559 1270 aegre
590 1185 727 1246 confecit.
781 1185 866 1246 Nihil
895 1183 934 1245 de
961 1205 996 1246 ea
1016 1205 1050 1244 re
1073 1183 1218 1244 Tiberius

182 1295 266 1376 opud
286 1305 425 1358 senatum
448 1293 609 1354 disseruit:
650 1292 743 1373 patris
778 1292 857 1352 iussa
889 1289 1070 1366 simulabat,
1104 1289 1217 1371 quibus

132 1403 418 1486 ropraescripsisset
439 1400 565 1462 tribuno
586 1399 741 1460 custodiae
757 1399 915 1481 apposito,
950 1417 989 1458 ne
1015 1407 1216 1458 cunctaretur

178 1511 344 1592 Agrippam
365 1519 463 1572 morte
484 1505 627 1580 afficere,
653 1503 839 1589 quandoque
857 1509 921 1588 ipse
937 1526 1111 1587 supremum
1133 1503 1215 1566 diem

177 1619 364 1704 explevisset.
409 1615 507 1678 Multa
530 1619 595 1676 sine
616 1613 710 1676 dubio
732 1634 881 1695 saevaque
904 1612 1060 1695 Augustus
1088 1612 1127 1675 de
1148 1633 1215 1673 mo-

176 1727 266 1788 ribus
283 1725 485 1788 adulescentis
516 1732 658 1804 questus,
694 1731 729 1780 ut
752 1719 888 1782 exsilium
911 1723 976 1783 eius
996 1733 1119 1786 senatus
1140 1743 1216 1794 con-

178 1814 453 1904 sultosanciretur
482 1829 668 1910 perfecerat:
706 1839 842 1890 ceterum
874 1831 907 1888 in
935 1827 1047 1890 nullius
1078 1851 1214 1912 unquam

46 1998 48 2007 ,
129 1935 167 2002 15
179 1961 305 2004 suorum
332 1958 438 2014 necem
458 1936 602 2014 duravit;
636 1955 734 2018 neque
754 1947 883 1998 mortem
903 1941 1007 2020 nepoti
1022 1959 1078 2020 pro
1098 1941 1214 2000 securi-

174 2060 237 2112 tate
253 2047 386 2131 privigni
416 2043 533 2108 illatam
555 2043 702 2106 credibile
723 2055 798 2106 erat.
853 2045 984 2128 Propius
1010 2067 1087 2108 vero
1116 2047 1210 2110 Tibe·

174 2157 255 2218 rium
281 2177 317 2218 ac
338 2155 476 2230 Liviam,
517 2153 602 2215 illum
625 2167 727 2232 metu,
762 2155 842 2217 hanc
876 2154 1093 2216 novercalibus
1120 2156 1208 2230 odiis,

173 2266 302 2345 suspecti
323 2273 354 2324 et
374 2262 466 2326 invisi
497 2264 615 2325 iuvenis
648 2265 770 2326 caedem
800 2263 994 2328 festinavisse.
1050 2265 1210 2328 Nuntia'nti

175 2371 365 2448 centurioni,
391 2380 425 2430 ut
448 2392 513 2432 mos
535 2371 672 2449 militiae,
700 2373 814 2433 sectum
835 2372 999 2456 essequod
1019 2373 1209 2454 imperasset,

126 2505 166 2546 ιο
180 2501 278 2562 neque
299 2481 463 2560 imperasse
490 2499 553 2540 sese
584 2490 614 2540 et
642 2482 789 2540 rationem
817 2479 889 2542 iacti
918 2479 1106 2541 reddendam
1129 2479 1210 2564 apud

174 2600 315 2650 senatum
338 2587 502 2670 respondit.
545 2587 638 2666 Quod
659 2600 817 2670 postquam
828 2588 988 2650 Sallustius
1004 2589 1127 2670 Crispus
1142 2610 1209 2670 par-

161 2679 270 2780 ticeps
292 2707 481 2759 secretorum
501 2695 543 2776 (is
564 2696 787 2759 adtribunum
802 2699 924 2760 miserat
937 2691 1109 2778 codicillos)
1131 2719 1210 2758 com·
1232 2746 1235 2756 .

173 2808 273 2889 perit,
295 2819 431 2866 metuens
452 2826 490 2865 ne
512 2825 583 2864 reus
602 2806 810 2884 subderetur,
840 2807 922 2868 iuxta
943 2804 1114 2886 periculoso
1139 2805 1209 2866 ficta

172 2928 226 2974 seu
246 2933 320 2976 vera
343 2924 516 2995 promeret,
547 2913 665 2974 monuit
677 2914 815 2989 Liviam,
840 2935 878 2976 ne
898 2934 1009 2974 arcana
1030 2912 1149 2985 domus,
1171 2934 1210 2976 ne

124 3017 301 3082 abconsilia
322 3021 507 3096 amicorum,
533 3021 699 3082 ministeria
721 3021 852 3083 militum
876 3021 1095 3104 vulgarentur,
1130 3041 1209 3082 neve
1298 3007 1345 3098 'J

148 3126 320 3199 ,Tiberius
340 3127 402 3188 vim
425 3118 615 3210 principatus
632 3128 798 3191 resolveret
819 3139 929 3192 cuncta
952 3127 992 3190 ad
1004 3144 1209 3194 senatumvo-

265 3345 286 3379 ι.
304 3324 475 3398 reppererit]
513 3327 547 3378 Et
564 3333 676 3395 propter
694 3328 881 3380 auctoritatem
899 3329 964 3380 libri
981 3327 1099 3382 Medicei
1110 3327 1210 3398 prioris

176 3428 204 3474 et
219 3429 332 3491 propter
349 3421 482 3473 rationem
506 3423 714 3476 Grammaticam
742 3417 869 3494 littera'p
889 3429 918 3477 iu
946 3425 1101 3494 praeteritis
1126 3423 1209 3474 buius

174 3498 253 3566 verbi
270 3515 440 3584 temporibus
459 3513 625 3584 duplicanda
647 3526 695 3570 est.
732 3518 770 3570 De
792 3521 898 3572 ratione
917 3521 1086 3590 grammatica
1099 3516 1209 3587 [dixtin

175 3607 307 3665 Element·
328 3611 444 3662 Gramm.
468 3609 562 3681 Latia.
583 3627 640 3679 pag.
661 3629 704 3682 27·
728 3613 781 3682 ¹37·
807 3616 863 3668 138.
907 3611 1008 3667 Eadem
1026 3619 1068 3665 est
1087 3614 1158 3665 ratio
1179 3613 1208 3665 in

177 3703 286 3773 reppuli
306 3705 401 3756 rettuli
420 3699 526 3758 recc'idi
543 3703 655 3773 rettudi.

264 3813 289 3865 7.
307 3795 400 3849 caedis
418 3799 454 3849 M.

250 3910 287 3945 rt.
310 3894 428 3965 agrippa
449 3895 485 3948 M.
