2900 4724
212 259 216 271 ’
267 295 328 378 tu
686 263 897 366 iussum

119 473 147 555 l*¹
163 485 356 559 &testantia
378 487 489 580 petitus
510 491 583 566 r'eix,
604 488 768 570 positisque
790 486 893 546 castris
921 481 1003 562 apud
1034 481 1185 560 Zeugma,
1206 475 1288 536 uude

265 601 392 660 maxime
412 599 529 680 pervius
549 599 663 675 amnis,
684 602 846 678 postquam
879 590 1010 650 illustres
1038 586 1149 649 Parthi
1178 597 1290 666 rexque

265 708 401 768 Arabum
417 705 557 766 Acbarus
568 705 744 780 advenerat,
754 709 859 785 monet
876 697 1073 760 Meherdaten
1092 692 1289 754 barbarorum

263 819 392 897 impetus
411 833 495 876 acres
513 815 704 875 cunctatione
726 811 914 892 languescere
934 815 988 866 aut
1008 805 1039 862 in
1055 801 1209 884 perfidiam
1220 819 1289 857 mu-

263 926 338 984 tari:
371 925 413 983 ita
434 935 556 1008 urgeret
583 936 697 1006 coepta,
749 918 842 999 Quod
867 924 1004 1001 spretum
1032 909 1137 971 fraude
1164 905 1327 982 Acbari,5

263 1033 316 1115 qui
340 1034 479 1098 iuvenem
499 1037 636 1115 igtiarum
658 1043 688 1093 et
706 1039 854 1093 summam
874 1025 1027 1085 fortunam
1048 1022 1080 1078 in
1099 1017 1170 1077 luxu
1185 1000 1291 1084 'ratum

263 1139 374 1204 multos
393 1153 449 1224 per
469 1143 529 1204 dies
551 1142 675 1204 attinuit
707 1140 787 1221 apud
806 1135 949 1220 oppidum
967 1129 1120 1205 Edessam.
1171 1121 1212 1184 Et
1233 1141 1289 1182 vo-

177 1326 180 1332 ,
262 1263 350 1313 cante
370 1249 484 1312 Carene
503 1256 716 1334 promptasque
736 1261 785 1310 res
804 1252 992 1317 ostentante,
1021 1238 1045 1298 si
1075 1233 1127 1294 citi
1149 1229 1290 1290 advenis·

259 1369 350 1436 aem,
373 1379 435 1422 non
457 1361 592 1420 cominus
618 1355 864 1438 Mesopotamiam
884 1351 935 1412 sed
956 1347 1034 1409 llexu
1049 1343 1220 1406 Armeniam
1238 1362 1291 1422 pce
1427 1421 1428 1426 η

262 1472 349 1544 tunt,
392 1469 424 1530 id
456 1471 602 1552 temporis
630 1469 853 1548 importunam,
884 1461 956 1542 quia
986 1456 1083 1519 hiems
1112 1446 1290 1534 accipiebat.
1316 1469 1353 1508 ιο
1427 1427 1428 1476 3

261 1575 339 1637 Exin
360 1577 484 1638 uiribus
503 1587 533 1638 et
554 1575 710 1637 montibus
732 1571 817 1648 fessi,
842 1576 1000 1650 postquam
1021 1571 1142 1642 campos
1165 1547 1353 1641 propin-13

259 1685 539 1769 quabant,=copiis
567 1683 691 1747 Carenis
721 1681 944 1764 adiunguntur,
975 1652 1171 1752 tramissoque
1204 1689 1294 1729 amne

262 1793 348 1876 Tigri
368 1807 528 1876 permeant
549 1793 737 1869 Adiabenos,
760 1799 891 1872 weram
913 1805 964 1845 rex
996 1783 1090 1842 luates
1116 1779 1291 1839 societatem

262 1901 447 1966 Meherdatis
470 1901 569 1983 palam
591 1898 748 1973 induerat,
784 1899 814 1955 in
846 1895 996 1954 Gotarzen
1025 1909 1079 1970 per
1113 1883 1235 1946 'occulta
1264 1894 1295 1944 et

263 2010 356 2092 magis
378 2008 436 2070 lida
460 2007 635 2070 inclinabat.
678 2004 737 2066 Sed
760 1999 901 2083 captain
925 1997 1057 2058 transitu
1079 1994 1153 2054 urbs
1174 1990 1290 2066 Ninos,
1319 1981 1353 2042 ¹5

262 2120 458 2183 vetustissima
486 2113 570 2176 sedes
598 2114 739 2194 Assyriae
759 2133 778 2172 s
801 2134 819 2169 a
849 2101 1008 2169 castellum
1037 2103 1155 2185 insigne
1186 2101 1296 2174 fama,

262 2223 343 2304 quod
364 2235 515 2304 postremo
537 2222 623 2292 ,inter
658 2221 793 2280 Dareum
821 2226 912 2295 atque
946 2201 1151 2272 Alexandrum
1183 2204 1297 2288 praelio

261 2329 426 2390 Persarum
444 2329 508 2390 illic
532 2347 604 2409 opes
634 2326 843 2385 conciderant.
904 2321 1019 2379 lnterea
1047 2322 1188 2380 Gotarzes
1215 2316 1297 2398 apud

260 2441 411 2514 montem,
434 2419 483 2499 cui
506 2454 616 2502 nornen
638 2433 798 2496 Sambulos
809 2479 822 2509 ‚
851 2439 919 2490 vota
942 2425 987 2489 dis
1018 2427 1077 2488 loci
1093 2427 1291 2510 suscipiebat,

260 2548 420 2628 praecipua
441 2547 586 2630 religione
598 2543 736 2618 Herculi3
760 2547 813 2628 qul
834 2556 969 2623 ternpore
991 2551 1068 2600 stato
1088 2559 1142 2620 per
1162 2540 1294 2620 quietem
1315 2549 1353 2587 20

248 2667 364 2717 unonet
386 2657 578 2733 sacerdotes,
603 2667 637 2718 ut
658 2654 806 2737 templum
828 2656 909 2714 iuxta
935 2671 1028 2732 equos
1055 2646 1178 2707 venatui
1206 2646 1294 2706 ador·

260 2775 346 2856 haqes
365 2767 483 2838 sistant.
527 2768 606 2850 Equi
626 2767 678 2826 ubi
704 2764 868 2846 pharetras·
884 2756 949 2818 telis
982 2765 1103 2815 onustas
1134 2773 1291 2836 accepere,

260 2891 314 2954 per
338 2873 434 2934 saltus
458 2874 525 2956 vagi
547 2884 635 2935 nocte
658 2875 781 2934 demum
803 2868 906 2930 vacuis
926 2863 1079 2946 pharetris
1099 2861 1196 2922 multo
1223 2877 1295 2921 curn

253 2963 394 3038 'anhelitu
413 2962 552 3042 redeunt.
604 2983 719 3042 Rursus
741 2980 834 3056 deus,
860 2993 920 3058 qua
949 2969 1040 3034 silvas
1067 2973 1290 3056 pererraverit,

259 3097 408 3146 nocturno
430 3088 497 3148 visu
522 3089 717 3168 demonstrat,
739 3065 993 3169 reperiunturque
1016 3083 1099 3141 lusae
1121 3081 1229 3160 passim
1252 3079 1291 3140 lc·
1311 3071 1350 3132 ²5

259 3215 322 3254 rae.
367 3195 510 3256 Ceterum
539 3201 708 3268 Gotarzes,
745 3193 880 3255 nondum
916 3196 989 3253 satis
1022 3207 1111 3253 aucto
1142 3188 1352 3270 exex·citu,14

260 3302 384 3365 flumine
402 3305 510 3366 Corma
530 3321 584 3387 pro
605 3307 790 3402 mapimeuto
815 3303 883 3380 uti,
913 3314 942 3362 et
965 3292 1137 3384 quanquam
1168 3322 1222 3382 per
1246 3301 1292 3360 in-

266 3451 535 3464 -n—-u—m*

347 3553 373 3610 5.
391 3555 431 3604 ita
452 3535 597 3625 urgueret,
617 3559 698 3621 atquc
717 3570 739 3620 9.
758 3553 860 3622 petivit
877 3552 926 3602 M1.

250 3698 254 3726 ι
333 3649 371 3704 13.
389 3647 525 3708 loliatus,
544 3651 572 3696 et
592 3661 654 3694 mox
673 3645 773 3696 Ezates
791 3645 848 3694 M⁸5
870 3646 959 3694 lactet
976 3632 1188 3696 Freinshemius.

228 3762 237 3774 r
310 3771 313 3779 ν
333 3745 372 3794 16.
395 3741 551 3791 Ceterorum
575 3739 698 3790 codicum
719 3741 816 3790 lacuna
838 3755 894 3789 uon
913 3739 977 3788 satis
996 3745 1059 3807 apte
1080 3738 1109 3790 iu
1128 3737 1286 3808 Auxpletur

259 3848 285 3888 et
303 3836 410 3888 Arbela.
448 3835 512 3884 Mox
529 3831 658 3886 santulus
678 3834 730 3888 M1.

327 3947 371 3986 ao.
385 3930 547 4002 praecipue,
565 3937 645 3999 atquc
664 3946 690 3999 p,-
709 3933 769 3991 305,
789 3934 811 3982 3.
835 3929 951 3982 ablat-ue
968 3923 1019 3986 Mu
