2900 4706
244 229 306 298 nr
480 303 482 313 ,
667 227 882 312 Arainon

98 421 124 486 (a
138 419 321 494 Coa->Tum
341 420 371 480 in
397 413 564 480 Sardiniam
589 418 729 499 pellitur,
753 420 806 480 ubi
829 439 888 480 nou
918 397 1003 500 inops
1024 413 1158 480 exsilium
1187 418 1266 482 tole·

244 529 324 590 ravit
345 539 374 588 et
396 519 456 588 salo
477 530 563 588 obiit.
605 529 730 590 AtNero
751 527 982 609 praefectualia
1000 549 1085 608 spem
1106 512 1324 596 sociandaessss

242 639 343 702 classis
363 652 539 721 corruptum
552 663 568 718 ‚¹
583 653 612 700 ct
634 641 788 700 incusatae
809 639 900 720 paulo
924 649 994 702 aute
1022 635 1189 700 sterilitatis
1208 637 1265 694 ob·

243 740 453 832 litvuskabaetos
476 759 580 830 partus
601 751 782 810 conscientia
805 737 976 820 libidinum,
996 767 1090 840 eaque
1109 745 1170 824 sibi
1186 764 1270 804 com·

243 865 331 935 perta
342 856 439 920 etlicto
448 845 604 927 memorab
618 851 775 937 insulaque
788 839 967 916 Pandateria
978 851 1265 922 Octaviamelaudit.
1288 849 1309 921 5

242 956 308 1022 Non
325 962 383 1026 alia
403 964 486 1052 exsul
501 965 663 1026 visentium
688 965 789 1024 oculos
802 967 916 1030 maiore
931 961 1135 1024 misericordia
1158 959 1268 1024 affecit.

243 1063 443 1134 Meminerant
463 1075 563 1132 adhuc
584 1073 706 1153 quidam
728 1075 911 1155 Agrippinae
925 1093 941 1130 a
956 1071 1090 1144 Tiberin,
1114 1067 1269 1126 recentior

245 1173 337 1236 luliae
358 1178 505 1246 memoria
523 1177 741 1242 obversabatur
763 1199 780 1236 a
802 1175 930 1236 Claudio
958 1173 1069 1254 pulsae.
1117 1173 1178 1234 Sed
1213 1171 1271 1232 illia

156 1283 160 1297 '
244 1282 339 1358 robur
356 1289 459 1346 aetatis
481 1284 627 1362 affueratr
651 1285 729 1350 laeta
750 1285 1021 1368 aliquarviderann
1040 1292 1070 1345 et
1083 1290 1269 1362 praesentem

243 1387 549 1460 saevitiam'rnelioris
575 1394 647 1454 olim
674 1395 815 1456 fortunae
848 1391 1058 1452 recordatione
1089 1384 1268 1451 allevabunt.
1293 1392 1330 1438 1⁶

246 1501 325 1558 llnic
345 1501 476 1580 primum
498 1504 676 1582 nuptiarum
701 1501 765 1562 dies
786 1501 853 1564 locu
877 1500 990 1560 funeris
1017 1496 1094 1573 fuit,
1123 1495 1272 1558 deductae

245 1608 274 1664 in
295 1606 441 1684 domum,
463 1610 493 1667 in
515 1629 576 1688 qua
606 1608 681 1668 nihil
702 1610 758 1680 nisi
790 1609 961 1669 luctuosum
993 1605 1272 1686 liaberetserepto

244 1729 298 1792 per
321 1735 469 1779 venenum
491 1725 577 1794 patre
603 1725 633 1774 et
664 1715 764 1788 statim
789 1713 903 1786 fratre3
924 1723 989 1774 tum
1010 1709 1120 1778 ancilla
1147 1689 1272 1775 dbruiua

217 1884 224 1898 „
245 1820 388 1896 validior,
413 1832 442 1880 et
461 1821 601 1902 Poppaea
623 1843 682 1882 non
707 1823 763 1882 nisi
782 1821 814 1880 in
833 1820 1004 1902 pernicicm¹
1031 1821 1130 1886 uxoris
1156 1829 1269 1899 nupta,

244 1932 394 2008 postremo
412 1928 525 1987 crimen
546 1907 629 1988 omni
650 1929 737 1988 exitio
758 1929 886 2009 gravius.
938 1928 984 1988 Ac
1010 1923 1110 2006 puella
1131 1918 1334 2004 vicesimossd

245 2037 350 2097 aetatis
370 2057 468 2108 anno,
491 2039 569 2096 inter
588 2037 780 2097 centuriones
801 2047 832 2098 et
855 2037 972 2113 milites,
997 2025 1150 2118 praesagio
1173 2033 1272 2122 malo-

246 2155 316 2204 rum¹
339 2147 398 2204 iam
417 2147 479 2204 vita
495 2155 643 2223 exempta,
664 2145 802 2204 noudum
822 2155 923 2204 tamen
938 2157 1037 2206 morte
1049 2143 1275 2225 acquiescebat.

185 2261 188 2270 '
247 2251 354 2313 Paucis
378 2251 487 2310 deliine
508 2251 672 2310 interiectis
693 2251 799 2310 diebus
828 2253 904 2311 nrori
939 2253 1081 2327 iubetur,
1115 2271 1185 2310 orm
1214 2241 1295 2311 iam¹

247 2358 369 2414 viduam
402 2375 433 2416 se
464 2367 493 2414 et
521 2366 639 2414 tantum
667 2375 802 2419 sartorem
832 2367 1011 2432 testaretur,
1040 2378 1275 2440 communesque
1348 2385 1350 2391 ·

205 2537 208 2543 .
248 2464 493 2526 Gerrnanieoset
520 2474 669 2544 postremo
692 2464 874 2546 Agrippinae
895 2487 1002 2524 nomen
1024 2467 1128 2541 cieret,
1149 2485 1210 2546 qua
1226 2463 1273 2524 iu·
1293 2487 1332 2528 ao
1432 2499 1433 2506 ¹

186 2653 191 2658 Ι
249 2572 359 2634 columi
382 2572 483 2632 infelix
505 2574 624 2654 quidem
647 2560 875 2637 matrimonium
897 2574 948 2634 sed
969 2575 1033 2634 sine
1053 2573 1143 2633 exitio
1170 2581 1275 2652 pertu-

249 2681 342 2744 lisset.
388 2682 589 2764 Restringitur
608 2681 750 2754 vinculis,
775 2702 927 2766 venaeque
947 2683 1009 2740 eius
1029 2701 1084 2760 per
1105 2689 1210 2738 ornnes
1231 2699 1276 2738 ar·

250 2802 298 2852 tus
310 2791 531 2862 ¹exsolvuntur3
554 2800 583 2851 et
594 2767 674 2870 *quia
687 2809 810 2868 *pressus
832 2808 944 2869 pavore
963 2784 1081 2864 sanguis
1094 2783 1209 2842 tardius
1229 2781 1275 2840 la-

235 2900 399 2988 bebatur,
420 2895 603 2976 praefervidi
624 2893 722 2954 balnei
746 2914 855 2974 vapore
880 2902 1035 2954 enecatur.
1079 2887 1273 2966 Additurque
1434 2923 1435 2992 q

248 3001 552 3078 ‚atrocior'saevitia‚
573 3002 655 3084 quod
674 3011 766 3082 capnt
787 3009 973 3080 amputatum
996 2997 1149 3076 latumque
1169 2995 1199 3054 in
1219 3015 1272 3052 ur·
1293 2999 1334 3063 25

251 3115 319 3176 bem
342 3114 484 3192 Poppaea
503 3110 589 3168 vidit.
630 3109 720 3170 Dona
741 3107 781 3168 ob
797 3107 873 3166 haec
894 3104 1010 3188 'templis
1033 3104 1166 3171 decreta„
1187 3100 1278 3178 Quod

252 3221 290 3280 ad
311 3241 381 3280 eum
405 3214 770 3290 finem‘memoravimas,
801 3227 834 3274 ut
854 3217 1025 3296 quicunque
1053 3233 1137 3274 casua
1156 3219 1277 3288 tempo·

228 3375 230 3378 .
254 3350 321 3386 rum
341 3327 467 3388 illorum'
484 3326 569 3386 nobis
589 3325 636 3384 vel
656 3325 721 3383 aliis
745 3323 917 3382 auctoribus
938 3330 1080 3396 noscent,
1101 3335 1278 3399 praesump-

254 3435 485 3508 tumhabearit,
509 3435 646 3513 quotiens
668 3432 752 3531 supas
774 3441 802 3490 et
823 3429 928 3490 caedes
948 3429 1034 3490 iussit
1054 3428 1203 3508 princeps,
1228 3433 1276 3482 to-

280 3601 518 3614 ΜΨ
550 3604 569 3610 ....

343 3701 364 3766 l.
385 3713 535 3768 compertae
555 3699 628 3751 dieto
650 3701 696 3750 Ma,
743 3699 812 3748 idem
832 3713 892 3746 mor
910 3692 1082 3764 pandeteria.
1159 3766 1161 3774 .

238 3791 241 3797 '
327 3794 366 3842 as.
389 3791 550 3862 decretaque
568 3790 607 3844 ad
623 3809 689 3844 eunt·
697 3791 781 3861 finem
800 3787 1013 3852 memorabimus,
1025 3789 1026 3792 ’
1038 3788 1199 3858 quicumque
1218 3783 1278 3846 ΜΙ,

230 3941 234 3948 ,
258 3891 374 3940 correxit
390 3886 556 3940 Puteolanas.
