2862 4730
273 339 316 406 84
365 324 367 333 ’
694 323 904 394 ANNALIUM

120 539 145 606 (a
162 537 187 589 C.
202 536 256 605 ισ.)
265 519 422 584 discordiis
445 518 587 598 relinqui.
640 517 790 576 Precante
811 487 996 578 Germanico
1016 537 1131 576 annum
1152 515 1314 602 efficiendis

221 635 224 642 '
266 631 400 712 coeptis,
442 631 544 689 acrius
569 609 746 690 modestiam
768 626 831 686 eius
853 625 1031 710 adgreditur
1050 595 1179 687 alterum
1201 645 1313 684 consu-

265 739 360 798 latum
381 736 555 810 offerendo,
586 739 673 798 cuius
694 731 802 798 munia'
819 757 959 818 praesens
981 737 1091 822 obiret,
1135 733 1232 794 Simul
1255 731 1311 794 ad-

264 845 423 917 nectebat,
449 848 474 905 si
497 845 574 906 foret
594 844 695 906 adhuc
716 844 912 923 bellandum,
941 845 1129 927 relinqueret
1152 843 1310 902 materiem

261 954 356 1014 Drusi
377 953 481 1014 fratris
502 952 637 1036 gloriae,
658 955 711 1034 qui
729 951 824 1033 [nullo
847 963 913 1012 tum
931 953 991 1014 alio
1013 953 1101 1013 hoste
1118 997 1127 1030 ,
1164 973 1224 1012 non
1249 945 1338 1010 nisi5

264 1065 346 1143 apud
366 1037 547 1123 Germanias
568 1062 686 1143 assequi
705 1079 816 1120 nomen
838 1059 1075 1143 imperatorium
1101 1070 1132 1122 et
1144 1060 1306 1142 deportare
1347 1095 1349 1100 ·
1412 1113 1413 1128 ,

263 1171 397 1234 lauream
425 1181 535 1252 posset.
599 1171 690 1232 Haud
715 1179 874 1230 cunctatus
901 1183 946 1232 est
978 1170 1057 1231 ultra
1092 1169 1308 1241 Germanicus,

261 1300 433 1360 quanquam
455 1279 588 1366 fingi‘ea
610 1299 780 1364 sequeper
814 1277 961 1340 invidiam
992 1289 1079 1361 parto
1110 1279 1170 1338 iam
1201 1276 1307 1336 decori

261 1385 393 1446 abstrahi
416 1386 615 1469 intellegeret.
1124 1459 1126 1464 ¹
1254 1467 1256 1480 Ι
1412 1443 1413 1474 3

343 1493 408 1554 Sub
428 1493 507 1555 idem
527 1504 650 1578 tempus
672 1517 689 1558 e
710 1495 825 1557 familia
847 1495 1094 1569 Scriboniorum¹
1108 1495 1185 1554 Libo
1215 1480 1355 1562 Dru-27
1412 1477 1413 1488 ἵ

257 1622 309 1662 sus
328 1599 467 1660 defertur
486 1600 587 1662 moliri
610 1623 657 1663 res
681 1583 803 1666 novas.¹
832 1603 909 1666 Eius
941 1605 1053 1686 negotii
1075 1604 1196 1663 initium
1218 1601 1305 1661 ordi.

175 1775 177 1784 ,
259 1710 440 1772 nemfinem
475 1714 610 1774 curatius
645 1711 811 1787 disseram,
840 1713 913 1796 quia
936 1723 1002 1772 tum
1023 1714 1156 1794 primum
1186 1721 1306 1792 reperta

256 1829 341 1897 sunt,
362 1840 442 1900 quae
461 1839 515 1900 per
538 1830 581 1880 tot
601 1841 697 1880 anuos
718 1841 783 1881 rem
803 1820 957 1902 publicam
988 1819 1126 1884 exedere.
1170 1817 1305 1879 Firmius

257 1925 351 1986 Catus
372 1937 503 2002 senator,
529 1949 564 1986 ex
587 1927 692 1989 intima
714 1928 842 1988 Libonis
863 1928 1007 2004 amicitia,
1029 1932 1172 2014 iuvenem
1193 1928 1305 2005 impro-

256 2035 362 2098 vidum
385 2045 416 2095 et
437 2035 555 2096 facilem
581 2037 723 2098 inanibus
745 2037 784 2098 ad
809 2036 1034 2099 Chaldaeorum
1055 2035 1349 2120 promissa,ma-15

255 2163 363 2225 gerum
384 2163 480 2218 sacra,
505 2146 691 2204 somniorum
714 2145 806 2204 etiam
836 2145 1020 2226 interpretes
1050 2144 1190 2228 impulit,
1226 2143 1303 2204 dum

254 2272 403 2335 proavum
425 2253 618 2334 Pompeium,
641 2244 764 2314 amitam
786 2255 996 2330 Scriboniam,
1034 2277 1113 2338 quae
1146 2253 1303 2336 quondam

255 2360 389 2442 Augusti
423 2359 554 2420 coniunx
589 2357 709 2433 fuerat,
749 2360 947 2423 consobrinos
979 2360 1140 2436 Caesares,
1181 2360 1302 2440 plenam

255 2465 439 2550 imaginibus
461 2463 585 2524 domum
608 2477 762 2544 ostentat,
791 2467 994 2550 hortaturque
1016 2466 1054 2526 ad
1077 2467 1179 2527 luxum
1200 2479 1231 2528 et
1252 2490 1301 2528 aes

255 2574 403 2650 alienum,
427 2576 526 2634 socius
546 2572 705 2634 libidinum
731 2587 760 2635 et
774 2580 999 2660 necessitatum,
1020 2597 1081 2660 quo
1095 2575 1236 2657 pluribus
1251 2579 1298 2636 in·
1310 2593 1346 2630 20

255 2683 343 2744 diciis
365 2680 507 2765 illigaret.
533 2683 573 2742 Ut
594 2686 665 2742 satis
686 2687 806 2744 testium
827 2689 929 2766 etqui
951 2686 1030 2745 servi
1059 2684 1166 2744 eadem
1192 2667 1351 2748 nosce-98

248 2799 324 2850 rent
343 2791 487 2870 repperit,
509 2789 625 2848 aditum
647 2787 686 2848 ad
706 2792 874 2874 principem
902 2788 1051 2871 postulat,
1085 2788 1297 2850 demonstrato

254 2898 383 2958 crimine
404 2909 435 2957 et
455 2919 506 2958 reo
527 2919 582 2978 per
603 2897 748 2959 Flaccum
771 2899 982 2964 Vescularium
1017 2901 1151 2980 equitem
1186 2899 1298 2958 Roma-

253 3025 347 3079 num,
371 3002 420 3062 cui
448 3004 571 3084 propior
595 3025 664 3063 cum
682 3005 807 3066 Tiberio
828 3025 900 3065 usus
919 3014 995 3064 erat.
1018 3004 1128 3064 Caesar
1148 3009 1295 3068 indicium

252 3111 334 3172 haud
362 3123 537 3192 aspernatus
567 3133 744 3195 congressus
781 3113 907 3173 abnuit:
948 3134 1035 3194 posse
1071 3114 1152 3173 enim
1188 3104 1341 3176 eodem25

251 3220 362 3280 Flacco
392 3221 579 3295 internuntio
605 3242 757 3282 sermones
790 3241 972 3282 commeare.
1037 3223 1137 3302 Atque
1175 3224 1294 3284 interim

251 3411 382 3478 adoptare
402 3413 530 3480 equidem
552 3429 607 3463 non
626 3386 780 3462 dubitavi.¹
807 3409 935 3462 Ceterum
962 3412 1096 3479 particula
1115 3407 1229 3481 quondo
1249 3413 1294 3466 bic

253 3514 283 3554 nt
305 3507 368 3555 aliis
391 3508 417 3561 in
438 3509 504 3558 loeis
524 3507 749 3574 significationem
770 3507 905 3564 causalem
925 3506 1079 3576 assumpsit.

325 3605 363 3659 18.
382 3605 565 3654 consobrinus
584 3603 706 3653 caesaris
727 3600 763 3654 M.

310 3663 365 3763 luo.
385 3694 587 3766 'iecessr'tutuml
626 3695 808 3744 Necessitates
827 3702 891 3746 sunt
909 3697 1091 3766 impensarum
1114 3697 1291 3750 difficultates

251 3809 284 3843 cx
302 3796 356 3844 vita
380 3793 526 3844 libidinosa
548 3807 578 3840 ac
601 3789 753 3858 prodigiosa
773 3794 925 3860 necessario
947 3802 1114 3846 consecutae.
1152 3797 1225 3848 llaec
1242 3813 1291 3849 no·

250 3889 331 3938 minis
350 3886 513 3955 significatio
532 3896 560 3936 et
579 3887 637 3936 voci
658 3895 684 3938 ct
703 3889 900 3948 sententiarum
920 3893 1002 3942 ucxui
1025 3871 1164 3951 convenit,

322 3986 364 4039 αδ,
384 3999 505 4035 sermone
528 3982 564 4035 Μ.
