2826 4730
466 216 542 310 mn
563 247 601 309 n.
646 243 890 312 carneae.
1144 247 1183 309 91

144 435 199 496 tuti
217 442 307 510 erat,
329 440 366 496 ut
388 433 467 494 testis
491 433 521 492 in
545 452 636 493 causa
662 431 812 512 quadam,
844 447 923 513 quae
938 429 1027 513 apud
1050 423 1266 494 senatumu'e·
1283 420 1335 492 st.)
1395 425 1396 428 ’

145 514 353 617 tractabaturjl
368 541 474 604 venire
492 541 731 623 dedignaretur3
763 541 871 600 missus
892 549 936 600 est
957 549 1103 622 prasion,
1134 539 1186 622 qui

144 651 227 723 domi
248 654 448 730 interrogaret
460 625 472 721 ,Δ
493 669 563 706 curn
587 647 723 729 virgines
747 643 913 706 Vestales'
906 665 937 704 m
963 645 1031 704 loro
1051 659 1080 703 et
1104 645 1187 704 iudi·

117 763 192 825 cio
212 760 324 834 audiri,
347 761 487 839 quotiens
508 755 721 816 testimonium
738 755 894 833 dicerent,
928 767 1013 816 vetus
1033 777 1101 816 mos
1120 755 1188 814 fue

93 861 197 938 35rit.
234 870 294 929 Res
315 889 353 928 co
376 887 458 927 anno
483 864 620 947 prolatas
630 865 714 926 haud
727 866 888 944 referrem,
914 865 1091 948 nipretium
1108 865 1190 926 foret

146 981 242 1042 Gnaei
265 977 386 1038 Pisonis
410 987 440 1037 et
465 977 560 1036 Asinii
590 973 671 1037 Galli
701 997 794 1058 super
831 998 867 1038 eo
901 977 1021 1058 negotio
1052 977 1190 1038 diversus

145 1088 306 1148 sententias
324 1105 459 1146 noscere.
501 1085 594 1161 Piso,
620 1105 796 1165 quanquam
824 1086 981 1146 afuturum
1011 1105 1042 1146 se
1073 1085 1191 1146 dixerat

82 1198 95 1222 Χ
147 1197 268 1272 Caesar,
288 1196 328 1256 ob
350 1194 381 1254 id
402 1193 497 1274 magis
516 1192 650 1276 agendas
672 1194 822 1272 censebat,
846 1203 882 1256 ut
903 1194 1028 1256 absente
1050 1193 1191 1276 principe

147 1314 282 1364 senatum
303 1291 337 1362 ⁴et
356 1299 474 1382 equites
497 1321 596 1380 posse.
607 1322 662 1362 sua
683 1303 788 1362 munia
808 1303 955 1362 sustinere
976 1301 1122 1362 decorum
1143 1304 1186 1364 rei

103 1430 136 1471 ιο
147 1411 287 1496 publicae
299 1410 388 1474 foret.
431 1407 547 1482 Gallus,
571 1411 642 1490 quia
659 1411 788 1492 speciem
804 1409 950 1474 libertatis
973 1411 1044 1473 Piso
1065 1426 1189 1492 praece·

146 1532 250 1604 perat,
285 1517 362 1578 nihil
383 1515 590 1601 satisqillustre
611 1529 664 1577 aut
697 1538 733 1578 ex
755 1517 903 1602 dignitate
930 1517 1036 1602 populi
1058 1521 1188 1582 Romani

147 1628 204 1688 nisi
226 1645 329 1685 coram
350 1633 380 1682 et
403 1622 460 1682 sub
492 1620 588 1681 oculis
614 1623 770 1687 Caesaries
801 1645 901 1706 eoque.
922 1639 1104 1689 conventum
1132 1631 1190 1689 lta·

106 1788 119 1806 κ
146 1737 206 1797 liae
229 1743 259 1794 et
279 1731 431 1792 affluentis
462 1731 633 1812 provincias
659 1718 845 1816 praesentiae
873 1733 938 1794 eius
970 1736 1119 1800 servanda
1143 1737 1191 1797 di-

151 1845 264 1926 cebat⁸³
288 1841 447 1926 ,Audiente
467 1839 542 1902 haec
565 1839 693 1900 Tiberio
714 1861 750 1900 ac
772 1839 879 1926 silente
908 1844 1025 1925 magnis
1047 1845 1192 1926 utrinque
1235 1898 1239 1914 ‚

97 1943 395 2022 3600ntentionibus
416 1959 503 2009 acta:
536 1946 589 2008 sed
613 1968 661 2008 res
683 1946 805 2009 dilatae.
848 1949 890 2010 Et
917 1960 1069 2012 certamen
1104 1951 1194 2015 Gallo

149 2061 298 2122 adversus
330 2061 492 2120 Caesarem
522 2070 659 2120 exortum
692 2069 745 2120 est.
787 2058 866 2123 Nam
899 2061 1015 2122 censuit
1043 2061 1074 2122 in
1103 2064 1195 2144 quin-

83 2177 89 2187 '
150 2170 316 2252 quenuium
339 2169 569 2251 magistratuum
592 2168 714 2229 comitia
735 2165 875 2228 habenda
886 2213 901 2254 3
923 2179 1017 2249 utque
1037 2165 1195 2253 legionum

32 2324 36 2332 ,
104 2325 107 2330 .
151 2280 261 2362 legati,
297 2279 348 2359 qui
383 2288 455 2338 ante
484 2288 659 2359 praeturam
679 2299 714 2338 ea
738 2275 844 2344 militia
865 2276 1096 2356 fungebantur,
1133 2281 1195 2338 iam

153 2397 218 2448 tum
236 2383 395 2470 ¹praetores
416 2385 652 2476 destinarentur,
674 2386 814 2468 princeps
841 2383 1001 2446 duodecim
1022 2367 1197 2446 candidatos

156 2564 452 2580 —Q--n—-n-——n-—c-

212 2691 215 2698 ·
239 2667 264 2718 8.
283 2676 312 2716 ut
330 2664 367 2725 M,
385 2679 494 2723 acinon
505 2665 601 2736 flaret:
629 2677 655 2716 et
674 2671 757 2736 atque
766 2665 835 2735 sore
854 2663 943 2733 volgo.

231 2761 270 2816 13.
289 2757 326 2832 et]
348 2759 375 2812 et'
392 2760 419 2811 ei
438 2759 474 2808 M.
497 2759 648 2810 Pronomen
669 2767 741 2834 recte
769 2759 872 2812 delevit
891 2757 1057 2824 Beroaldus3
1083 2774 1117 2809 ex
1143 2757 1199 2808 dit·

157 2857 301 2926 eugraphia
321 2865 415 2908 natum
434 2855 554 2912 videtur.
956 2850 961 2864 ’
1219 2837 1221 2848 “

189 2993 199 3008 t
233 2973 270 3023 ¹9·
290 2951 353 3005 dum
371 2952 419 3007 M:
438 2963 494 3003 tum
514 2949 670 3002 Beroaldus.
724 2951 854 3022 princeps
874 2947 1016 3004 duodecim
1034 2943 1199 3000 candidatos
1276 2971 1278 2975 .

160 3050 191 3102 in
217 3032 307 3102 andos
337 3043 462 3118 singidos
488 3046 657 3114 nominaret]
695 3043 723 3096 Si
754 3041 879 3118 princeps
906 3047 1053 3116 quotannis
1071 3061 1104 3096 ex
1127 3029 1199 3110 iegi-

159 3163 243 3198 onum
272 3144 368 3214 legatis
399 3141 543 3195 duodecim
572 3148 718 3212 praeturae
740 3141 901 3212 candidatqs
934 3139 1104 3201 nominaret,
1138 3143 1201 3206 post

160 3239 285 3308 quinque
322 3253 456 3288 annorum
474 3237 569 3287 orbem
603 3234 744 3302 sexaginta
771 3243 871 3300 erant,
909 3233 981 3288 uude
1015 3235 1044 3286 in
1080 3231 1201 3284 comitiis

162 3333 197 3384 ad
218 3339 307 3400 patres
329 3331 464 3386 translatis
476 3337 614 3400 praetores
634 3332 663 3382 in
682 3332 902 3403 quinquennium
922 3337 1099 3384 sumerentur.
1119 3327 1201 3378 Prae-

162 3427 269 3480 toribus
286 3436 375 3478 autem
395 3425 428 3478 ad
448 3427 605 3496 provincias
636 3425 780 3480 (laesarum
802 3426 1033 3480 administrandas
1052 3407 1133 3493 opus
1144 3427 1203 3474 erat

163 3519 352 3572 tantummodo
378 3521 434 3570 sive
460 3518 604 3570 duodecim
632 3517 770 3596 (cidnu-
790 3517 833 3579 ll,
856 3520 917 3585 14.)
934 3518 992 3568 sive
1009 3516 1127 3588 sedecim
1154 3515 1203 3585 (cl.

164 3615 217 3686 Dio
239 3613 333 3676 tvm,
354 3615 414 3682 nu).
450 3617 531 3666 Recte
550 3615 633 3683 igitur
650 3614 733 3684 paulo
754 3623 817 3682 post
848 3611 917 3664 dicit
941 3613 1088 3666 Tiberius:
1114 3629 1202 3684 grave

164 3707 351 3762 moderationi
368 3727 433 3780 suae
452 3723 494 3764 tot
512 3713 615 3780 eligere
635 3710 680 3777 (h.
697 3705 723 3762 i.
734 3709 891 3760 candidatos
906 3709 1072 3777 nominare),
1094 3720 1134 3760 tot
1148 3705 1204 3775 dis-

131 3781 142 3798 .
164 3821 249 3873 parre.
285 3805 352 3855 Nam
371 3807 394 3856 si
414 3821 447 3858 ex
467 3809 605 3879 sexaginta
624 3781 778 3858 candidatis
803 3805 947 3857 duodecim
973 3803 1017 3857 vel
1035 3803 1153 3870 sedecim
1175 3805 1205 3853 in
1242 3859 1243 3868 q

169 3892 388 3970 quinquennium
405 3901 622 3970 designarentur,
642 3903 725 3953 ceteri
743 3900 813 3954 ultra
827 3901 1046 3976 quinquennium
1057 3900 1206 3967 proiicicn-
