2900 4724
258 336 321 400 308
666 331 882 396 ANNALIUM

109 507 137 572 (⁸
151 509 242 584 Cdo)
255 527 392 600 repetere
411 519 501 580 armis
522 520 631 578 rectius
655 517 745 579 soret.
791 519 869 578 Hinc
894 513 981 578 dolor
1000 517 1179 580 iniuriarum
1196 528 1226 578 et
1248 517 1286 580 li·

253 625 325 686 bido
346 625 495 687 vindictae
515 626 662 708 adigebat.
714 627 773 688 Sed
804 627 1008 688 disserebatur
1037 638 1141 696 contra
1172 626 1283 706 suscipi
1323 619 1326 628 ’

219 711 224 724 ’
251 729 364 792 bellum
385 734 454 792 avio
477 733 606 810 itincre,
634 735 824 813 importuoso
846 734 942 812 mari3
971 733 1010 794 ad
1034 733 1093 796 lroc
1117 755 1205 815 reges
1235 733 1281 794 te·

19 724 26 933 i
218 900 220 904 ,
249 859 358 917 noces,
382 862 471 923 vagos
489 841 631 922 populos,
665 839 763 902 solum
785 841 905 923 frugum
927 863 1037 924 egens3
1060 851 1126 903 tum
1147 842 1279 903 taedium

17 937 22 1130 9
245 966 281 1006 ex
311 968 415 1022 mora,
448 947 580 1029 pericula
613 969 646 1008 ex
679 948 909 1029 properantia,
929 947 1085 1018 modicam
1107 947 1314 1012 victoribus5

245 1053 387 1136 laudem,
411 1079 445 1117 ac
469 1055 600 1118 multum
613 1057 787 1134 infamiae,
811 1059 835 1116 si
856 1056 1053 1138 pellerentur.
1095 1057 1177 1134 Quin
1196 1061 1276 1118 arri-

17 1133 19 1186 l
242 1171 329 1241 peret
350 1161 470 1239 oblata,
496 1173 526 1222 et
548 1173 686 1223 servaret
709 1160 859 1237 exsulem,
883 1164 932 1221 cui
963 1164 1051 1243 inopi
1071 1175 1184 1246 quanto
1206 1162 1276 1225 lon·

15 1187 18 1374 1
145 1307 148 1317 ‹
242 1271 355 1348 giorem
381 1271 494 1342 vitam,
525 1281 610 1329 tanto
645 1265 712 1349 plus
744 1265 888 1346 supplicii
918 1266 992 1333 fore.
1045 1267 1100 1327 His
1119 1279 1273 1349 permotus

238 1377 361 1457 scripsit
380 1376 502 1436 Eunoni
523 1377 664 1434 meritum
686 1373 810 1458 quidem
831 1373 990 1434 novissima
1003 1372 1137 1454 exempla
1154 1373 1271 1434 Mithri·

189 1488 192 1495 ’
239 1483 340 1558 deten,
364 1505 419 1546 nec
442 1485 498 1544 sibi
521 1484 581 1542 vim
603 1483 641 1542 ad
663 1481 886 1565 exsequendum
902 1479 1012 1542 deesse:
1035 1499 1141 1542 verum
1155 1481 1199 1542 ita
1211 1503 1271 1542 ms·
1294 1513 1329 1552 10

236 1589 351 1650 ioribus
373 1592 544 1673 placitum,
569 1601 683 1673 quanta
704 1587 875 1671 pervicacia
899 1590 930 1648 in
947 1585 1084 1662 hostem,
1109 1596 1192 1648 tanta
1214 1588 1269 1648 be·

235 1697 389 1765 neficentia
418 1697 564 1758 adversus
596 1696 745 1778 supplices
775 1692 933 1758 utendum.
985 1692 1064 1752 Nam
1094 1691 1267 1784 triumphos

235 1805 274 1864 de
295 1804 413 1886 populis
432 1806 591 1884 regnisque
622 1803 746 1884 integris
776 1800 903 1879 acquiri.
943 1795 1107 1856 *Traditus
1140 1771 1316 1877 posthacffl

233 1911 440 1994 Mithridates,
464 1911 629 1992 'vectusque
653 1911 780 1969 Romam
809 1929 865 1990 per
886 1908 1008 1967 lunium
1031 1905 1167 1966 Gitonem
1190 1925 1266 1985 pro·

231 2028 401 2076 curatorem
425 2019 538 2094 Ponti,
558 2018 689 2076 ferocius
727 2028 818 2096 quam
849 2036 907 2095 pro
940 2015 1061 2074 fortuna
1089 2013 1261 2074 disseruisse
1286 2007 1318 2068 15

232 2121 311 2202 apud
323 2123 483 2184 Caesarem
504 2123 670 2198 ferebatur,
693 2121 832 2204 elataque
842 2143 901 2182 vox
924 2125 987 2182 eius
1008 2122 1040 2182 in
1061 2121 1186 2204 vulgum
1202 2121 1264 2182 his-

159 2255 170 2264 ·
230 2246 266 2286 ce
286 2229 386 2288 verbis
410 2251 497 2305 „non
519 2251 585 2288 sum
608 2232 754 2289 remissus
776 2229 815 2289 ad
837 2239 886 2305 te,
909 2228 962 2289 sed
986 2249 1140 2290 reversus:
1167 2228 1216 2290 vel
1237 2230 1262 2290 si

229 2351 292 2390 non
314 2331 425 2418 credis,
455 2334 572 2396 dimitte
594 2347 632 2412 et
651 2333 790 2416 quaere.”
838 2333 937 2395 Vultu
973 2355 1095 2418 quoque
1118 2337 1263 2398 interrito

224 2439 403 2519 permansit,
425 2460 495 2499 cum
519 2449 621 2500 rostra
643 2441 737 2514 iuxta,
761 2439 952 2520 custodibus
964 2440 1193 2520 circumdatus,
1213 2444 1259 2504 vi·

224 2546 272 2609 sui
294 2547 408 2627 populo
429 2545 651 2630 praeberetur.
682 2545 893 2608 Consularia'
885 2545 1014 2629 insignia
1028 2547 1140 2637 Ciloni,
1156 2551 1256 2635 Aqui·
1275 2564 1312 2604 ao

224 2651 272 2716 lac
295 2658 450 2736 praetoria
473 2657 687 2720 decernuntur.

307 2765 403 2826 Isdem
427 2765 605 2828 consulibus
624 2775 712 2826 atrox
734 2765 796 2826 odii
819 2765 986 2848 Agrippina
1007 2787 1043 2826 ac
1063 2765 1181 2827 Lolliae
1206 2761 1312 2846 ιιι-99

222 2865 322 2944 sensa,
352 2873 436 2952 quod
468 2894 568 2933 secum
591 2872 630 2932 de
665 2873 862 2932 matrimonio
892 2870 1037 2952 principis
1065 2873 1252 2944 tentavisset,

222 2977 344 3038 molitur
364 2976 491 3038 crimina
513 2989 542 3038 et
563 2989 793 3056 accusatorem,
820 2981 873 3058 qui
894 2977 1041 3038 obiiceret
1065 2975 1252 3060 Chaldaeos,
1291 3056 1293 3062 Ι

220 3104 343 3166 magos,
366 3087 645 3168 interrogatumque
677 3083 830 3164 Apollinis
855 3083 948 3144 Clarii
977 3083 1174 3144 simulacrum
1201 3105 1251 3144 su·
1269 3088 1310 3149 25

108 3252 114 3264 ,
219 3213 274 3274 per
295 3193 407 3274 nuptiis
426 3191 623 3272 imperatoris.
664 3189 742 3248 Exin
768 3186 912 3249 Claudius
932 3187 1072 3250 inaudita
1098 3209 1150 3250 rea
1171 3187 1250 3248 mul·

219 3311 250 3360 ta
278 3299 315 3360 de
347 3297 530 3360 claritudine
560 3299 623 3358 eius
658 3293 737 3377 apud
765 3304 902 3357 senatum
932 3296 1105 3378 praefatus,
1141 3315 1248 3357 sorore

219 3409 304 3468 Lucii
329 3407 446 3472 Volusii
469 3407 618 3488 genitam,
644 3403 790 3462 maiorem
809 3403 836 3462 ei
855 3415 1000 3486 patruum
1019 3403 1146 3464 Cottam
1168 3401 1249 3462 Mes·

216 3515 345 3576 salinum
369 3535 446 3590 esse,
471 3514 615 3575 Memmio
637 3509 792 3594 quondam
812 3511 928 3596 Regulo
950 3521 1076 3594 nuptam
1103 3511 1189 3593 (uam
1209 3509 1246 3570 de

216 3657 460 3670 mm

303 3791 327 3842 9.
349 3772 405 3846 cur]
426 3776 495 3846 quin
514 3772 588 3824 Gala.

170 3941 173 3958 a
288 3887 325 3923 ιι
347 3868 513 3931 introsum,
532 3866 869 3950 rantul'rntoerenrata
887 3869 948 3938 Μ’,
973 3866 1090 3960 correxit
1110 3867 1241 3922 Muretus

212 3962 274 4013 llos
298 3964 334 4031 td,
355 3963 481 4019 Colonen
502 3947 623 4016 codices.
645 3935 768 4020 Ciloneris
785 3967 903 4038 Lipsius
