2826 4730
252 305 310 369 190
663 297 886 362 ANNALIUM

101 509 131 564 (ι
151 493 302 580 odedum
327 483 475 550 redditur.
517 484 595 546 Erat
615 505 691 544 uxor
712 482 787 545 Silio
808 483 894 544 Sosia
914 481 1022 561 Galla,
1043 485 1168 544 caritate
1181 481 1343 571 Agrip-19
1391 465 1392 534 l

253 595 345 676 pinae
365 590 462 655 invisa
486 589 630 676 principi.
686 590 748 650 Hos
776 589 891 670 corripi
921 588 1015 649 dilato
1038 589 1076 648 nd
1097 599 1217 670 tempus
1239 589 1295 648 Sa-

161 687 165 700 *
252 697 335 758 bino
358 695 563 779 placitum-3
556 695 769 777 immissusque
791 696 892 756 Varro
913 693 1045 772 consul,
1076 696 1129 775 qui
1150 703 1296 796 paternas

238 803 428 866 ·inirnicitias
448 801 617 862 obtendens
638 801 715 862 odiis
736 802 837 862 Seiani
858 825 912 886 per
932 802 1064 862 dedecus
1085 822 1173 861 suum
1196 803 1295 881 grati-

254 909 413 970 ficabatnr.
453 909 605 972 Precante
626 929 678 968 reo
710 909 834 971 brevem
866 930 1002 986 moram,
1035 910 1110 971 dum
1137 908 1335 970 accusatori

255 1019 414 1082 consulatu
436 1019 552 1095 abiret,
588 1015 767 1080 adversatus
799 1028 844 1076 est
867 1017 996 1078 Caesar:
1031 1017 1155 1078 solitum
1184 1019 1298 1100 quippe

254 1128 478 1210 magistratibus
502 1126 586 1187 diem
597 1125 735 1207 *privatis
758 1125 880 1204 dicere3
901 1123 1206 1208 neoinfringendum
1220 1147 1297 1186 eon-

253 1237 328 1300 sulis
348 1240 419 1318 ius,
444 1235 532 1296 cuius
557 1233 667 1316 vigiliis
690 1235 854 1306 niteretur,
876 1255 914 1294 ne
938 1236 1019 1317 quod
1043 1257 1092 1296 res
1112 1233 1297 1317 publieade-

254 1343 433 1418 trimentum
457 1351 590 1422 caperet.
634 1339 800 1420 Proprium
818 1338 853 1400 id
875 1340 1005 1402 Tiberio
1024 1340 1083 1400 fuit
1101 1339 1219 1402 scelera
1238 1363 1297 1402 nu-

254 1473 310 1534 per
331 1461 453 1533 reperte
475 1450 580 1532 priscis
600 1447 702 1508 verbis
724 1447 883 1529 obtegere.
926 1449 1023 1530 Igitur
1050 1447 1147 1510 multa
1179 1470 1345 1510 assevero

254 1560 407 1638 ratione,x
424 1556 509 1640 quasi
530 1566 584 1616 aut
605 1554 722 1636 legibus
742 1576 810 1615 cum
832 1555 908 1616 Silio
929 1565 1089 1638 ageretur,
1120 1566 1173 1616 aut
1194 1557 1298 1618 Varro

256 1665 364 1730 consul
384 1673 438 1726 aut
459 1662 537 1724 illud
559 1682 608 1724 res
629 1660 751 1743 publica
766 1648 880 1736 esset,
918 1674 1069 1746 coguntur
1096 1674 1207 1746 patres.
1250 1663 1298 1724 si-

256 1772 337 1834 lente
359 1754 413 1834 reo
436 1768 505 1848 vel,
542 1768 567 1828 ei
597 1766 803 1854 defensionem
833 1757 998 1849 coepisset,¹
1027 1791 1089 1830 non
1114 1769 1297 1848 erudiente,

255 1881 343 1941 onius
369 1879 415 1946 ira
435 1887 639 1960 premeretur,
665 1877 850 1944 conscientia
875 1877 949 1957 belli
973 1879 1114 1940 Sacrovir
1136 1879 1190 1939 diu
1212 1879 1300 1942 dissi·

255 1987 407 2061 eiulatus,
442 1987 570 2050 viatoria
594 1988 649 2067 per
671 1987 830 2046 avaritiam
852 1985 972 2046 foedata
993 1997 1022 2048 et
1044 2008 1118 2047 uxor
1140 1988 1227 2048 Sosia
1247 2009 1295 2048 ar·
1318 1986 1346 2049 15

255 2095 438 2179 guebantnr.
490 2095 556 2156 Nec
586 2095 680 2155 dubie
708 2093 950 2180 repetundarum
981 2095 1160 2158 criminibus
1189 2095 1297 2158 linere·

255 2202 354 2266 bant:
374 2200 428 2264 sed
449 2214 560 2264 cuneta
581 2205 757 2284 quaestione
779 2203 942 2263 maiestatis
966 2203 1122 2281 exercita,
1155 2216 1186 2266 et
1207 2206 1297 2269 Silius

255 2312 463 2374 imminentem
486 2311 714 2373 damnationem
736 2309 912 2377 voluntario
933 2309 994 2370 line
1015 2315 1189 2392 praevertit.
1231 2304 1346 2386 SeeQO

255 2423 354 2482 vitum
373 2432 474 2482 tamen
498 2423 531 2482 in
553 2421 653 2493 bona,
680 2441 748 2480 *non
777 2430 812 2480 ut
832 2419 1036 2501 stipendiariis
1055 2420 1203 2502 pecuniae
1225 2419 1296 2482 red-

254 2527 423 2606 derentur,
446 2551 581 2612 quorum
599 2549 689 2590 nemo
710 2530 888 2611 repetebat:
910 2527 964 2588 sed
984 2529 1151 2592 liberalitas
1162 2531 1293 2612 Augusti
1313 2546 1345 2589 no

255 2635 381 2711 avulsa,
414 2639 594 2719 computatis
614 2635 791 2724 singillatim
810 2657 889 2719 quae
909 2636 980 2698 fisco
1001 2638 1199 2719 petebantur·
1253 2637 1299 2698 Ea

256 2743 355 2828 prima
374 2745 591 2830 Tiberiokerge
612 2747 771 2828 pecuniam
795 2745 925 2808 alienam
945 2745 1103 2829 diligentia
1123 2747 1191 2808 fuit.
1244 2749 1300 2808 So-

256 2855 300 2918 sia
323 2854 509 2928 intersilium
530 2855 654 2937 pellitur
676 2853 774 2915 Asinii
795 2853 875 2914 Galli
896 2849 1057 2934 sententia,v
1093 2857 1146 2938 qui
1178 2863 1299 2943 perlem

255 2962 409 3024 bonorum
427 2959 666 3041 publicandam,
698 2980 767 3040 pars
800 2969 834 3018 ut
854 2958 957 3022 liberis
977 2959 1204 3047 relinqueretur
1227 2982 1298 3022 een·

256 3080 369 3132 suerat.
414 3061 533 3130 Con'tra
555 3071 681 3128 Marcus
704 3066 838 3149 Lepidus
857 3078 999 3149 quartam
1014 3069 1240 3130 accusatoribus
1253 3090 1298 3130 se·
1313 3061 1346 3128 25

255 3176 392 3240 cundum
428 3175 681 3238 necessitudinem
725 3176 821 3258 legis,
865 3186 967 3238 cetera
1004 3177 1107 3240 liberis
1144 3180 1299 3240 concessit.

258 3285 349 3348 Hunc
370 3305 425 3367 ego
446 3259 594 3367 Lepidum
616 3284 807 3368 temporibus
831 3283 889 3346 illis
920 3293 1042 3368 gravem
1057 3295 1102 3350 ,et
1131 3286 1298 3367 sapientem

256 3393 360 3455 virum
382 3393 472 3452 fuisse
490 3392 663 3472 comperio:
689 3411 761 3452 nam
781 3388 926 3472 pleraque
947 3392 989 3482 'ab
1003 3392 1099 3453 saevis
1117 3391 1299 3454 adulationi·

257 3500 316 3562 bus
337 3501 466 3561 aliorum
488 3500 519 3558 in
541 3497 650 3558 melius
671 3497 772 3574 flexit,
811 3519 910 3581 neque
936 3509 1038 3559 temen
1068 3500 1297 3582 temperamenti

258 3607 382 3690 egebat,
406 3627 475 3666 eum
494 3604 645 3688 aequabili
667 3605 848 3668 auctoritate
869 3615 899 3668 et
916 3605 1014 3689 gratia
1035 3607 1118 3690 apud
1137 3607 1294 3670 Tiberium
1313 3614 1347 3674 5⁰

263 3803 526 3823 m

325 3937 350 3992 9·
365 3917 519 3991 proprium]
541 3936 596 3988 quo
616 3922 707 3989 prium
728 3921 766 3978 M.
