2900 4706
247 287 308 354 400
670 274 886 352 ANNALIUM
1435 367 1436 444 1

14 405 15 436 l

97 473 123 535 (a
144 465 465 542 corpusnsmiserat,
500 467 645 543 militibus
665 485 785 550 quoque
806 469 915 528 nostris
943 463 1084 528 terribilis
1115 466 1281 528 incedereb

251 573 311 634 Sed
332 573 471 636 hostibus
492 576 594 636 irrisui
615 577 692 656 luit,
716 576 797 657 a'pud
828 597 905 656 quos
925 575 1073 657 flagrante
1101 575 1193 636 etiam
1213 585 1282 636 tum

251 680 390 744 libertate
414 685 550 744 nondum
573 685 694 766 ‘cognita
717 685 929 746 libertinorum
957 685 1089 765 potentia
1110 657 1196 760 brat3
1219 668 1282 741 mi-

252 789 456 872 rabanturque
486 787 568 874 quod
598 793 658 854 dux
689 801 720 854 et
744 794 891 854 exercitus
918 793 993 852 tanti
1022 791 1094 851 belli
1125 790 1282 850 coniector

164 907 167 912 '
249 897 378 956 servitiis
398 891 567 960 obedirent.
611 903 726 960 Cuncta
749 911 850 960 tamen
870 899 910 960 ad
929 878 1142 980 imperatorem
1160 895 1278 956 iumol-
1298 891 1319 957 5

250 1000 308 1063 lius
332 1005 445 1080 relatas
471 1006 674 1088 detentusque
695 1007 788 1067 rebus
809 1005 952 1087 gerundis
982 1003 1166 1073 Suetonius,
1199 1001 1281 1082 quod

248 1123 316 1191 post
345 1133 454 1192 paucas
475 1135 568 1173 naves
591 1117 622 1174 in
645 1114 747 1174 littore
768 1115 988 1196 remigiumque
1008 1114 1039 1171 in
1062 1111 1279 1190 iisamiserat5

247 1231 391 1301 tanquam
407 1213 544 1282 durante¹
556 1215 659 1300 bello,
680 1220 800 1283 'tradere'
816 1219 980 1323 exercitum
1001 1217 1146 1280 Petronio
1166 1201 1283 1298 Turpi·
1323 1265 1327 1270 .

247 1321 341 1400 liano,
363 1327 415 1408 qui
437 1327 497 1387 iam
518 1311 674 1390 consulatu
694 1329 831 1404 abierat.
845 1329 975 1392 iubetur.
1018 1331 1045 1388 Is
1069 1347 1129 1387 noo
1156 1327 1280 1384 irritato

247 1427 349 1500 hoste,
372 1451 469 1513 neque
496 1431 665 1512 lacessitus,
688 1433 848 1494 honestum
872 1434 953 1515 pacis
980 1451 1090 1494 nomen
1112 1434 1192 1514 segni
1216 1435 1279 1493 otio
1303 1445 1341 1496 to

231 1533 398 1616 imposuit.
1034 1599 1035 1602 ,

325 1645 442 1709 Eodem
462 1666 546 1710 anno
567 1647 682 1711 Romae
702 1650 830 1731 insignia
852 1625 981 1724 scelera,
1003 1648 1132 1708 alterum
1160 1643 1339 1727 senato-[40

246 1753 311 1829 ris,
333 1755 434 1816 servili
455 1755 583 1818 alte'r'um
607 1753 750 1832 asidaeis,
770 1755 899 1816 admissa
922 1764 1000 1816 suut.
1042 1751 1195 1814 Domitius
1215 1751 1280 1812 Bal·

245 1860 302 1920 bus
323 1869 390 1922 erat
418 1865 608 1943 praetorius,
639 1862 729 1924 simul
761 1859 851 1944 longa
874 1872 1000 1922 senecta
1028 1858 1118 1920 simul
1146 1860 1279 1920 orbitate

245 1977 274 2024 et
298 1967 425 2046 pecunia
447 1969 560 2029 insidiis
575 1969 732 2035 obnoxius.
783 1969 820 2029 Ei
839 1969 1027 2050 propinquus
1052 1965 1196 2028 Valerius
1218 1965 1279 2028 Fa·
1302 1973 1335 2036 ιδ

244 2071 370 2148 hianns,
396 2077 584 2154 capessendis
611 2074 776 2136 honoribus
808 2075 997 2154 destinatus3
1025 2074 1160 2135 subdidit
1183 2086 1279 2135 testa·
1435 2145 1436 2158 χ

244 2185 399 2252 mentum,
421 2178 520 2236 ascitis
541 2179 662 2238 Vinicio
683 2179 792 2240 Rufino
812 2189 840 2238 et
865 2179 1011 2239 Terentio
1042 2181 1169 2242 Lentino
1192 2185 1279 2264 equi·
1323 2199 1326 2203 ·
1435 2163 1436 2204 ³

243 2283 322 2341 tibus
343 2281 494 2343 Romanis.
537 2283 584 2342 llli
600 2288 766 2344 Antonium
785 2287 925 2346 Primum
945 2298 975 2346 et
990 2287 1129 2348 Asinium
1147 2291 1279 2350 Marceb

242 2388 304 2448 lum
328 2393 526 2455 sociaverant.
570 2395 722 2454 Antonius
742 2393 870 2456 audacia
904 2407 1082 2478 promptus,
1113 2375 1277 2460 Mancellus

242 2495 349 2556 Asinio
372 2478 510 2560 Pollione
529 2523 647 2583 proavo
664 2501 784 2576 clarus,
808 2525 904 2585 neque
933 2523 1054 2564 morum
1085 2507 1276 2586 spernendus
1297 2527 1336 2574 ao

242 2602 433 2683 habebatur,
466 2611 533 2672 nisi,
550 2609 631 2690 quod
661 2606 870 2691 paupertatem
900 2613 1096 2693 praecipuum
1127 2613 1277 2676 malorum

157 2709 158 2712 ’
241 2691 391 2780 credebat.
435 2719 531 2800 Igitur
552 2717 705 2778 Fabianus
726 2717 842 2778 tabulas
871 2721 905 2778 iis
927 2739 1003 2800 quos
1026 2721 1213 2799 memoravi,
1246 2723 1295 2782 et'

174 2865 178 2873 .
241 2816 306 2878 aliis
330 2819 428 2882 minus
453 2819 622 2884 illustribus
648 2825 796 2906 obsignat.
836 2826 932 2901 ,Quod
959 2824 1040 2906 apud
1064 2840 1170 2906 patres
1200 2847 1285 2886 con-⁴

181 3007 182 3011 ¹
240 2927 373 3004 victoum
389 2941 418 2988 ot
442 2929 593 2991 Fabianus
617 2933 829 3012 Antoniusque
851 2951 920 2990 cum
941 2931 1051 2990 nunno
1077 2943 1107 2992 et
1127 2932 1274 2996 Terentio

240 3035 306 3118 lege
337 3037 481 3098 Cornelia
509 3038 701 3100 damnantur.
753 3031 931 3100 Marcellum
959 3041 1103 3100 memoria
1125 3043 1273 3100 maiorum
1290 3037 1330 3102 25

147 3151 150 3155 '
240 3157 268 3204 et
290 3163 390 3225 preces
410 3144 543 3205 Caesaris
573 3163 687 3226 poenae
719 3148 813 3226 magis
843 3165 934 3225 quam
960 3145 1102 3204 infamiae
1130 3165 1272 3206 exemere.

239 3253 373 3314 Perculit
393 3253 417 3310 is
437 3251 689 3332 diesPompeium
710 3267 830 3332 quoque
841 3249 999 3310 Aelianum
1021 3253 1162 3310 iuvenem
1177 3244 1323 3332 quae-41

239 3364 366 3420 storiam
387 3369 529 3438 tanquam
540 3356 718 3440 flagitiorum
731 3357 856 3418 Fabiani
872 3377 1012 3440 gnarum,
1035 3359 1122 3456 eique
1136 3359 1220 3420 ltalia
1243 3369 1272 3420 et

240 3463 536 3548 Hispania‚'in‘qua
557 3477 640 3544 pctus
662 3476 750 3542 erat,
774 3469 1040 3528 inter-dictumest.
1082 3467 1153 3526 Pari
1185 3467 1271 3548 igno·
1315 3495 1320 3504 ·

240 3568 499 3595 Q--a-a--d-

327 3643 348 3692 7.
369 3625 551 3697 remigumque
570 3625 599 3674 in
619 3622 660 3675 lais
679 3621 728 3673 M2.
767 3625 846 3674 Paulo
867 3633 929 3674 ante
948 3634 1010 3692 post
1027 3629 1069 3673 est
1086 3616 1265 3682 adaerbium,

238 3733 292 3768 uon
313 3720 488 3790 praepositio.
510 3783 515 3793 .
1058 3697 1073 3776 Ι.

312 3813 344 3865 ι5.
368 3811 474 3864 codices
495 3825 537 3864 et:
558 3815 584 3865 ci
604 3809 766 3873 Rhenanus,
789 3813 835 3880 qni
865 3827 924 3861 mor
944 3809 1053 3865 Vinicio
1083 3829 1131 3882 pro
1161 3811 1267 3865 Vincis.
1356 3797 1359 3801 .
1435 3871 1436 3906 1

239 3906 504 3974 antabulusiisss.
526 3924 546 3954 r.
566 3899 866 3968 satiatasiis,VM¹.‘
910 3917 912 3922 “
1435 3923 1436 3944 ¹

397 4078 557 4181 'asti

505 4183 712 4327 w
