2900 4724
492 312 566 374 LlB.
593 313 648 375 XI.
692 313 783 372 CAP.
808 318 939 382 au—at-
987 365 992 371 „
1147 317 1206 380 289

143 556 146 566 ,
182 495 302 568 fectum.
342 495 494 554 Cuntinua
517 496 588 556 inde
608 517 642 555 ac
663 496 723 556 lida
746 519 830 576 paxa‘
855 499 917 556 lam
940 498 1078 556 muribus
1097 496 1249 565 artibueu
1263 494 1355 562 &4821

181 601 376 665 affinitatibus
390 608 499 666 nestris
519 605 603 664 'mixti
632 627 738 666 aurum
758 618 788 666 et
820 627 891 688 opas
913 623 981 664 suas
1001 605 1138 664 »inferant
1159 625 1213 684 po·

183 711 242 768 tius
264 732 355 790 quam
367 716 496 794 separati
517 713 654 774 habeant.
678 715 801 793 Omnia,
823 728 929 798 patres
946 713 1118 791 conscripti,
1138 731 1214 792 quae
1312 752 1317 760 ·

182 813 262 876 nunc
286 823 485 880 vetustissima
506 821 694 893 creduntur,
719 823 914 883 nnvarfuere.
937 820 1040 886 Plebei
1060 819 1215 898 magistru-
1234 825 1235 828 ’
1256 855 1261 861 -

147 917 232 983 5tus
255 936 324 1006 post
344 931 482 1008 patricius
495 923 507 1006 ἵ,
531 925 632 990 Latini
660 939 727 1009 post
751 929 899 1008 plebeios,
926 940 1091 990 ceterarum
1113 925 1234 986 ltaliae·

183 1033 319 1112 gentium
345 1044 412 1114 post
430 1035 569 1098 Latinos.
614 1036 822 1096 inveterascet
842 1033 900 1096 hoa
926 1053 1062 1115 quoque,
1085 1040 1115 1090 et
1135 1026 1218 1109 quod

126 1139 276 1226 25liodie
296 1142 438 1222 exemplis
464 1153 611 1220 tuemur,
636 1145 713 1202 inter
742 1143 887 1225 exempla·
899 1141 984 1206 erit.'’
1036 1127 1215 1200 Orationem

18 1223 21 1232 Ι
186 1249 329 1328 principis
354 1257 456 1308 secute
486 1262 605 1330 patrum
633 1251 771 1312 consulto
801 1252 888 1332 primi
911 1251 1010 1310 Aedui
1040 1253 1218 1310 senatorum

186 1357 218 1414 ia
239 1353 316 1418 urbe
338 1355 384 1416 ius
405 1355 503 1436 adepti
535 1366 617 1421 sunt.
673 1357 787 1418 Datum
808 1357 841 1416 id
873 1357 983 1416 foederi
1005 1355 1157 1434 antique,
1190 1358 1220 1410 ct

109 1541 111 1546 ι
132 1473 168 1516 to
186 1462 257 1544 quia
278 1462 335 1522 soli
356 1462 513 1522 Gallorum
534 1463 728 1522 fraternitatis
750 1460 859 1522 nemen
888 1482 956 1518 cum
979 1459 1090 1539 popule
1108 1458 1220 1516 Ruma-

186 1577 226 1628 ttn
245 1578 404 1649 usurpant.

255 1675 352 1736 lsdem
376 1675 482 1736 diebus
503 1678 713 1736 innumerum
736 1675 935 1754 patriciarum
960 1655 1088 1730 adscivit
1110 1657 1221 1730 Caesar

187 1779 424 1839 vetustissimum
445 1801 597 1860 quemque
618 1801 635 1840 e
656 1773 762 1842 senatu
780 1787 834 1838 aut
856 1777 965 1857 quibus
988 1779 1060 1869 clari
1081 1785 1223 1857 parentes

187 1887 325 1965 fuerant,
361 1891 464 1968 paucis
494 1892 553 1948 iam
584 1887 706 1969 reliquis
737 1885 937 1963 familiarum,
972 1873 1045 1966 quas
1077 1879 1224 1973 Romulus

130 1989 168 2052 td
189 1994 348 2056 maiorum
359 2006 390 2056 et
411 1997 521 2060 Lucius
535 1997 645 2060 Brutus
666 1993 820 2056 minorum
834 1995 968 2074 gentium
984 1989 1222 2073 appellaverant,

188 2077 342 2156 exhaustis¹
360 2099 451 2157 etiam
480 2089 554 2179 quas*
575 2097 705 2159 dictator
728 2098 841 2161 Caesar
860 2095 926 2179 lege
954 2098 1055 2159 Cassia
1087 2108 1117 2157 et
1136 2097 1223 2180 prin-

187 2223 259 2284 ecps
283 2205 435 2284 Augustus
464 2203 529 2286 lege
559 2204 667 2266 Saenia
686 2190 869 2286 sublegere.
917 2205 1069 2288 Laetaque
1089 2205 1165 2266 haee
1191 2203 1224 2262 in

127 2393 129 2396 Ι
187 2327 250 2388 rem
283 2311 436 2392 publicam
476 2312 584 2372 munia
609 2308 706 2372 multo
746 2298 857 2393 gaudio
890 2317 1021 2374 censoris
1056 2314 1237 2384 inibantur.'

183 2414 335 2480 'Famosos
357 2419 475 2500 prohr's
499 2426 632 2500 quonam
654 2419 746 2479 modo
778 2431 885 2480 senatu
906 2411 1069 2501 depelleret
1099 2421 1221 2492 anxius,

130 2544 172 2585 au
192 2529 294 2588 mitem
333 2539 363 2587 et
395 2519 499 2587 recens
538 2539 688 2606 repertam
735 2547 825 2606 quam
841 2547 886 2586 ex
932 2532 1090 2613 severitate
1125 2503 1225 2610 prisea

173 2629 337 2696 ¹rationem
358 2635 520 2711 adhihuit,
543 2631 723 2707 monendo,
755 2653 858 2693 secum
885 2635 1011 2716 quisque
1033 2635 1071 2696 de
1098 2655 1130 2702 se
1149 2655 1225 2697 eou-

190 2742 334 2818 saltaret,
355 2751 531 2822 peteretque
554 2741 598 2800 ius
617 2737 745 2798 exuendi
768 2739 894 2801 ordinis.
936 2738 1068 2798 Facilem
1091 2741 1153 2800 eius
1181 2741 1224 2800 rei

191 2850 322 2910 veniam.
373 2849 413 2908 Et
453 2855 552 2908 motos
583 2854 690 2906 senatu
726 2855 939 2926 excusatosque
967 2845 1056 2906 simul
1086 2848 1227 2928 propesi-

193 2967 319 3031 turum‚
344 2965 376 3014 ut
397 2953 541 3012 iudicium
562 2971 723 3012 censorum
744 2973 778 3026 ac
799 2951 897 3032 pudor
927 2963 1034 3033 sponte
1055 2953 1226 3016 cedentium

134 3053 176 3116 ²5
193 3065 330 3146 permixti
352 3062 547 3144 ignominiam
569 3057 734 3121 mollirent.
785 3056 836 3118 Ob
861 3079 896 3118 ea
925 3059 1087 3139 Vipstanus
1120 3061 1226 3148 consul

113 3183 115 3187 '
192 3169 309 3232 rettulit
329 3181 444 3250 patrem
465 3177 583 3228 senatus
596 3163 806 3248 appellandum
833 3166 1080 3230 esseClaudium.
1107 3171 1226 3250 Quippe
1251 3215 1260 3230 ,
1303 3155 1307 3163 ’

94 3265 97 3271 ’
193 3281 397 3362 promiscuum
432 3279 524 3358 patris
554 3269 668 3358 patriae
702 3285 955 3364 cognmentum,
987 3295 1067 3334 nura
1100 3277 1130 3334 in
1161 3259 1234 3334 remx

193 3387 346 3468 publicam
368 3385 477 3444 merita
499 3404 562 3442 nou
590 3381 706 3441 usitatis
738 3379 892 3440 vocabulis
928 3379 1115 3442 honoranda.
1165 3384 1226 3442 Sed

195 3499 258 3576 i‘pse
277 3487 412 3553 cohibuit
432 3487 586 3550 consulem
607 3498 640 3546 ut
666 3485 794 3544 nimium
815 3493 1030 3566 assentantem,
1066 3487 1226 3550 Condidit·

131 3602 176 3670 ὅσ
196 3622 255 3684 que
276 3599 404 3674 lustrum
423 3619 483 3678 quo
515 3609 603 3656 censa
632 3605 702 3652 sunt
731 3595 841 3654 civium
866 3593 1083 3674 quinquaginta
1117 3593 1225 3660 navem

198 3729 457 3750 ‘m

273 3847 308 3896 ¹7·
329 3828 411 3880 Senia
430 3816 488 3909 Mt:
507 3819 610 3880 Saenia
628 3827 743 3895 Lipsius.

13 3951 15 3988 t
268 3941 310 3978 aa.
332 3917 592 3975 exeundicodicer:
614 3919 865 3990 exuendilliiptiu'r.
