2900 4724
278 271 340 334 376
568 299 570 304 ·
679 267 896 328 tunsarum

33 485 34 508 2
134 458 161 524 (ι
173 455 200 530 q.
211 457 263 526 59.)
279 455 395 502 curaret
415 447 577 526 principem
600 456 629 506 et
658 421 807 530 pupillum
840 457 979 526 vocaret,
1012 449 1063 528 qui
1086 449 1167 507 iussis
1198 445 1304 508 alienis

33 539 34 554 ¹
267 550 424 610 'obnoxius
447 574 506 611 uon
538 552 627 612 modo
648 555 765 633 imperii
783 553 834 612 sed
859 553 1002 613 libertatis
1025 555 1115 613 etiam
1139 554 1303 634 indigeret.

279 659 341 716 Cur
362 662 442 718 enim
451 637 578 718 'dillerri
599 660 718 740 nuptias
742 665 834 720 suas?
856 661 981 720 formam
1013 661 1125 720 scilicet
1144 659 1303 739 displicere

277 774 307 824 et
329 764 525 844 triumphales
545 787 636 842 avos,
658 787 695 824 an
717 765 927 824 fcerinditatem
950 779 979 824 et
1008 787 1113 824 verum
1143 741 1300 825 animum?

275 873 376 930 timeri
403 893 441 930 ne
462 894 537 930 uxor
557 871 664 932 saltem
686 874 809 932 iniurias
835 883 979 953 patrum,
1015 875 1089 932 iram
1117 873 1217 952 populi
1246 871 1340 935 ad·5

275 999 381 1038 versus
402 980 571 1060 superbiam
589 983 805 1060 avaritiamque
826 981 930 1040 matris
954 983 1076 1060 aperiat.
1120 981 1233 1056 Quodsi
1248 1003 1303 1040 uu·

276 1107 342 1145 rum
369 1086 532 1168 Agrippina
553 1108 614 1146 non
633 1087 686 1144 uisi
711 1086 772 1144 lilio
794 1085 930 1145 infestam
950 1085 1042 1146 ferre‘
1052 1097 1170 1166 posset,
1191 1087 1303 1164 redda-

274 1203 326 1251 tur
346 1195 407 1274 ipsa
429 1193 559 1253 Othonis
582 1195 730 1274 coniugio.
775 1196 888 1254 liuram
907 1215 1028 1274 quoquo
1049 1177 1221 1272 terrarum,
1250 1195 1302 1254 ubi

275 1297 393 1356 audiret
414 1300 511 1378 potius
533 1297 729 1358 contumelias
751 1302 940 1379 imperatoris
964 1321 1054 1380 quam
1075 1301 1198 1376 viseret,
1221 1301 1301 1379 peri-

273 1403 350 1464 eulis
370 1407 433 1464 eius
455 1405 596 1466 immixta.
623 1408 702 1466 llaec
724 1419 814 1486 atquc
835 1405 906 1464 talia
930 1406 1058 1466 lacrimis
1078 1417 1106 1464 et
1128 1418 1191 1466 arte
1212 1405 1297 1485 adul·
1324 1421 1355 1460 ro

275 1521 358 1574 terae
369 1517 655 1594 penetrantiauemo
668 1513 856 1596 prohibebat,
869 1513 1061 1596 cupientibus
1076 1513 1303 1572 cunctisinfrin·

272 1622 300 1704 gi
316 1621 482 1702 potentiam
500 1625 610 1696 matris,
634 1633 664 1681 et
679 1621 818 1681 credente
840 1619 922 1679 nullo
939 1642 1033 1702 usquc
1050 1621 1087 1680 ad
1102 1619 1223 1680 caedem
1241 1623 1303 1680 eins

272 1729 421 1798 duratura
449 1729 502 1788 lilii
532 1728 612 1790 odiaa
673 1727 781 1790 Tradit
819 1729 943 1790 Cluvius
984 1729 1091 1790 ardore
1124 1727 1334 1809 retinendaeffls

272 1837 470 1920 Agrippinam
492 1839 644 1917 potentiae
667 1859 702 1897 eo
724 1859 818 1917 usquc
840 1839 1011 1916 provectam
1034 1846 1067 1896 ut
1095 1837 1195 1896 medio
1218 1835 1302 1907 diei,
1327 1839 1333 1850 '

235 1953 238 1958 ’
272 1965 342 2006 eum
363 1943 395 2005 id
411 1946 556 2027 temporis
597 1946 678 2005 Nero
701 1967 757 2028 por
780 1947 883 2008 vinum
906 1954 936 2004 et
958 1944 1061 2025 epulas
1089 1943 1300 2030 incalesceret,
1322 1927 1353 1989 ¹5

220 2059 223 2064 “
272 2047 395 2110 offerret
414 2069 446 2108 se
467 2049 583 2131 saepius
605 2048 770 2109 temulento
794 2062 942 2131 comptam
965 2061 996 2110 et
1021 2052 1134 2109 incesto
1156 2063 1306 2130 paratam.

272 2155 399 2237 ictuque
418 2151 528 2214 lasciva
548 2153 651 2214 oscula
672 2166 700 2214 et
723 2158 915 2235 praenuntius
936 2155 1039 2236 flagitii
1065 2155 1228 2216 blanditias
1249 2159 1302 2216 ad-

272 2261 446 2326 notantibus
468 2261 625 2343 proximis,
645 2263 788 2320 Senecam
812 2273 919 2320 cnntra
956 2263 1115 2322 muliebres
1144 2263 1303 2352 illecebras

273 2370 438 2434 subsidium
461 2391 481 2432 a·
506 2369 617 2430 femina
649 2370 813 2450 petivisse,
845 2372 1069 2452 immissamque
1092 2375 1186 2432 Acten
1210 2373 1303 2432 liber·

272 2492 333 2541 tam
350 2521 358 2550 ‚
376 2501 453 2560 quae
480 2480 567 2540 simul
593 2457 646 2540 srlo
674 2477 810 2560 periculo
843 2491 872 2539 et
905 2481 1038 2539 infamia
1058 2481 1187 2541 Neronis
1215 2483 1304 2543 anxia
1321 2486 1352 2524 ²⁰

213 2585 216 2589 ’
273 2589 404 2648 deferret
425 2577 635 2667 pervulgatum
671 2606 734 2645 esse
760 2585 907 2645 incestum
933 2585 1083 2666 gloriante
1105 2601 1218 2664 matre,
1247 2611 1303 2649 nec

272 2693 452 2754 toleraturos
486 2673 594 2760 milites
625 2693 743 2774 profani
785 2695 928 2774 principis
964 2695 1134 2774 imperium.
1188 2695 1301 2756 Fabius

274 2805 413 2864 Rusticus
435 2825 495 2862 non
522 2803 704 2884 Agrippinae
727 2801 778 2861 sed
805 2802 915 2861 Neroni
937 2803 1069 2881 cupitum
1092 2802 1122 2860 id
1145 2815 1301 2879 memorat,

181 2956 185 2964 «
273 2911 468 2996 ciirsdemque
485 2909 621 2972 ,libertae
654 2919 719 2968 astu
749 2909 916 2967 disiectum.
959 2907 1025 2990 sed,
1049 2930 1126 2990 quae
1152 2909 1297 2983 Cluvius,

158 2999 160 3010 Ι
273 3020 378 3079 cadem
401 3018 491 3076 ceteri
512 3035 634 3096 quoque
655 3027 789 3091 auctores
810 3015 989 3095 prodidere,
1014 3024 1044 3074 et
1075 3016 1152 3075 fama
1170 3015 1228 3076 huc
1251 3018 1297 3080 iux
1318 3007 1351 3066 25

274 3126 385 3200 clinat,
409 3145 460 3192 seu
483 3125 623 3202 concepit
647 3124 749 3182 anim'o
773 3123 890 3181 tantum
911 3123 1106 3182 immanitatis
1125 3123 1300 3204 Agrippina,

243 3216 244 3221 ἵ
272 3256 324 3294 sau
348 3231 518 3292 credibilior
539 3251 635 3291 novae
668 3230 801 3289 libidinis
831 3231 983 3289 meditatio
1013 3235 1047 3291 in·
1076 3253 1108 3290 ea
1137 3231 1199 3290 visa
1233 3243 1298 3305 est,

273 3362 350 3422 quac
370 3337 551 3420 puellaribus
578 3338 663 3410 aunis
688 3349 827 3418 stuprum
854 3359 921 3396 cum
944 3337 1059 3418 Lepido
1088 3361 1139 3418 spe
1162 3338 1300 3398 domina·

273 3451 364 3510 tinnis
392 3447 580 3526 admiserat,
614 3423 677 3526 pari
702 3445 841 3524 cupidine
869 3467 964 3526 nsque
987 3444 1024 3504 ad
1047 3445 1131 3506 libita
1156 3445 1299 3508 Pallantis

273 3533 458 3638 provoluta,
480 3563 510 3612 et
530 3551 657 3612 exercita
689 3549 724 3608 ad
753 3571 842 3610 omne
872 3549 1013 3630 flagitium
1045 3553 1142 3631 patrui
1176 3553 1295 3632 nuptiis.
1317 3549 1352 3604 3⁰

273 3663 370 3742 Igitur
392 3660 468 3718 Nero
492 3649 590 3718 vitare
607 3665 746 3716 secretos
777 3653 840 3714 eius
867 3674 1068 3736 congressus,
1089 3647 1323 3722 abscedentemii

271 3791 509 3852 ων

361 3895 383 3946 7.
402 3877 594 3932 reuersurus.
619 3873 689 3927 idem
709 3880 749 3930 το.
770 3873 996 3927 dominicationis.
