2862 4726
470 261 544 342 'ma
568 218 731 344 rvsoar.
752 287 885 350 ιιι-ιι.
1141 287 1199 352 ιιι

155 465 231 549 'pulo
255 465 393 526 Romano
414 467 549 526 miserat.
605 464 741 545 Cognitis
767 463 884 539 dehine,
901 461 1067 528 Ptolemaei
1092 485 1147 549 per
1169 465 1201 528 id
1211 481 1241 554 (ι
1255 479 1282 534 c,
1294 486 1349 560 at.)
1408 555 1409 558 Ἴ

155 573 271 634 bellum
295 571 420 647 studiis,
444 571 591 654 repetitus
612 593 648 631 ex
668 583 787 633 vetusto
811 589 895 654 mos,¹
917 574 1086 656 missusque
1107 593 1124 634 e
1149 597 1198 637 se·
1408 571 1409 588 ¹

156 683 335 760 actoribus,
362 681 416 764 qui
437 681 605 763 scipionem
628 680 779 740 eburnam
790 690 923 762 ,togam
945 679 1078 762 pictam,
1116 680 1198 742 anti·
1247 681 1250 688 ’

155 807 217 870 qua
247 798 370 868 patrum
400 808 528 848 munera
540 831 550 863 ,
583 786 671 849 daret
700 805 864 878 regemque
898 799 928 848 et
957 789 1073 850 socium
1105 799 1199 916 atque

122 891 485 979 5amieumappella1½et
562 967 566 980 .

67 1007 69 1014 '
97 996 152 1083 27
238 1001 355 1064 Eadem
369 1016 483 1066 aestate
504 1015 586 1066 mota
607 1024 662 1086 per
684 1002 803 1064 Italiam
836 967 955 1065 servilis
984 1001 1058 1068 belli
1083 1005 1199 1068 semina

155 1113 217 1171 fors
238 1112 397 1192 oppressit.
446 1111 568 1170 Auctor
602 1109 752 1171 tumultus
781 1109 870 1170 Titus
903 1109 1076 1190 Curtisius,
1105 1134 1200 1195 quon·

158 1216 233 1278 dam'
247 1219 417 1299 praetoriae
437 1219 571 1280 cohortis
592 1217 698 1291 miles,
717 1221 815 1306 primo
845 1219 982 1280 coetibus
1004 1199 1199 1283 clandestinis
1285 1240 1290 1254 ·

85 1308 87 1318 ⁴
158 1325 241 1408 apud
262 1327 458 1388 Brundisium
478 1337 508 1390 et
529 1331 724 1390 circumiecta
746 1329 877 1410 oppidaf,
902 1349 977 1394 mox,
999 1330 1106 1410 positis
1127 1351 1201 1412 pro·

21 1419 24 1424 ⁵
85 1435 134 1486 v¹⁰
154 1433 258 1516 palam
279 1433 390 1496 libellis
412 1435 449 1496 ad
475 1435 645 1496 libertatem
668 1435 798 1496 vocabat
827 1438 956 1516 agrestia
987 1457 1044 1516 per
1076 1436 1200 1520 longiu-

155 1565 232 1624 quos
253 1542 346 1604 saltus
368 1555 398 1604 et
424 1543 537 1604 ferocia
569 1547 712 1624 servitia,
735 1565 804 1604 cum
837 1542 923 1630 uelut
951 1565 1077 1604 munere
1104 1528 1199 1604 ¹deum

153 1660 217 1710 tres
240 1649 368 1711 biremes
389 1650 533 1732 appulere
553 1651 591 1711 ad
613 1672 686 1712 usus
706 1655 944 1712 commeantium
965 1650 1018 1712 illo
1040 1649 1132 1710 mari.
1158 1651 1200 1712 Et

153 1768 222 1842 erat
242 1757 336 1818 isdem
357 1759 533 1841 regionibus
551 1745 676 1839 Curtius
698 1761 803 1840 Lupus
825 1771 982 1842 quaestor,
1003 1757 1053 1818 cui
1074 1760 1198 1840 provin·

156 1865 205 1925 cia
226 1874 329 1925 vetere
360 1867 395 1929 cx
425 1885 511 1925 more
540 1841 625 1926 Cales
654 1876 804 1926 evenerat.
847 1865 877 1926 ls
904 1865 1048 1946 disposita
1076 1863 1199 1925 classia-
1223 1860 1228 1886 ‘

86 1968 130 2031 15
153 1973 279 2032 riorum
295 1974 388 2054 copia
409 1982 601 2056 coeptantem
622 1993 692 2034 cum
714 1974 843 2032 maxime
862 1973 1108 2034 coniurationem
1136 1973 1200 2033 dis-

152 2081 239 2140 iecit.
282 2081 452 2164 Missusque
480 2102 498 2140 a
519 2080 648 2142 Caesare
669 2102 802 2162 propere
827 2080 928 2142 Staius
965 2081 1108 2142 tribunus
1129 2101 1200 2141 cum

85 2188 90 2199 ’
152 2189 259 2252 valida
300 2211 395 2250 manu
428 2191 584 2251 ducem
577 2213 676 2273 ipsum
718 2201 748 2252 et
791 2191 944 2272 proximos
991 2189 1118 2250 audacia
1167 2191 1199 2250 in

104 2295 268 2360 urbem
308 2298 420 2378 traxit,
450 2300 511 2358 iam
545 2297 696 2379 trepidam
724 2297 765 2358 ob
802 2295 1033 2360 multitudinem
1068 2294 1199 2356 familia

152 2427 252 2487 rum,
273 2429 352 2489 quae
377 2343 522 2490 gliscebat
542 2407 724 2468 immensum
736 2450 745 2484 ,
758 2406 885 2491 'minore
900 2409 932 2468 in
960 2405 1023 2469 dies
1045 2403 1143 2488 plebe·
1156 2407 1200 2466 iu·

86 2531 127 2572 ιο
147 2535 264 2598 genua.
753 2496 757 2504 .

86 2623 147 2711 28
240 2623 340 2692 Isdem
374 2603 547 2684 oonsulibus
575 2625 765 2684 miseriarum
796 2641 830 2683 ac
857 2623 1000 2684 saevitiae
1029 2617 1198 2701 exemplum
1277 2695 1280 2702 s

150 2741 261 2806 atr,0x
286 2751 354 2792 reus
381 2741 493 2827 pater,
515 2741 672 2792 accusator
693 2731 770 2790 filius
795 2729 921 2822 (nomen
944 2731 1067 2809 utrique
1088 2713 1201 2788 Vibius

148 2841 336 2922 Ser'enus)
327 2863 360 2900 m
384 2851 525 2901 senatum
541 2839 658 2900 inducti
680 2845 776 2914 sunt3
798 2838 838 2898 ab
862 2837 964 2898 exsilio
983 2837 1132 2898 retractius
1160 2835 1198 2896 il

155 2985 435 2996 ...ma-„-

147 3071 200 3124 vel
218 3071 277 3121 cius
297 3051 405 3123 levitati
423 3087 473 3142 per
490 3071 594 3140 legatos
615 3067 723 3124 veniam
742 3069 965 3139 imploraverunt.
988 3071 1120 3142 etculpae
1132 3087 1197 3125 con·

146 3165 214 3220 scia
234 3167 353 3218 coniecit
373 3167 498 3236 Lipsius,
516 3183 566 3219 nec
585 3167 681 3238 culpae
702 3184 796 3220 nescia
815 3166 943 3236 Ryekius,

154 3267 158 3278 '
225 3279 249 3316 a.
270 3281 345 3326 mos,
364 3265 529 3350 missasque]
548 3278 622 3315 more
645 3265 812 3338 emissusque
831 3263 874 3315 M':
893 3265 969 3335 prins
987 3264 1085 3320 vitium
1104 3269 1197 3314 sustu

146 3357 187 3408 lit
206 3356 337 3425 Lipsius,
359 3357 474 3408 alterum
497 3355 654 3414 Beroaldus

213 3471 254 3506 ιι.
266 3451 394 3526 ferocia]
408 3451 551 3520 sororioia
570 3451 606 3502 M

209 3549 250 3617 14.
272 3549 358 3602 calles
378 3549 423 3606 M:
442 3549 523 3600 Cales
542 3547 659 3616 Lipsius,
915 3601 922 3608 ,

217 3651 255 3715 t'7.
278 3643 408 3716 andacia]
427 3641 594 3698 audatioM:
615 3635 970 3696 audaciaeeditionesaute
982 3635 1190 3692 Brikerisnam.

214 3758 257 3798 aa.
275 3757 427 3812 nomenque
463 3738 524 3792 oiri
548 3755 573 3811 q.
606 3739 695 3791 vibius
724 3756 835 3812 serenn's
862 3738 898 3788 M:
933 3740 1051 3790 correxit
1078 3737 1194 3808 Lipsius.

143 3837 223 3890 Μοιι
240 3848 390 3907 perorante
406 3834 477 3905 filio.
496 3846 683 3906 praeparatur
704 3836 749 3885 M:
772 3846 853 3900 poter
876 3844 974 3887 orante
993 3832 1062 3905 filio
1090 3831 1197 3894 Frclie÷

142 3948 216 3997 rus,
236 3939 264 3982 ct
279 3941 467 4000 praeparatus
487 3929 645 3982 Venturius.
947 3912 950 3916 ¹

868 4065 869 4073 ,
945 4042 951 4070 l
