2862 4726
463 329 622 396 LlB.1V.
666 329 758 409 QAP.
777 336 913 408 56-59·
1016 391 1018 403 .
1068 360 1072 370 “
1140 327 1200 402 2'17

164 513 323 606 consulatu
341 516 471 592 functus,
494 519 638 584 Cocceius
660 519 773 590 Nerva,
791 519 841 578 cni
862 517 965 599 legum
977 518 1096 600 peritia,
1110 537 1201 600 eques
1217 525 1245 596 (a
1259 522 1351 594 uas)
1417 489 1418 546 l

166 625 322 687 Romanus
343 639 461 708 praeter
479 631 623 702 Seianum
652 649 687 688 ex
712 627 879 688 illustribus
911 629 1034 688 Curtius
1059 623 1205 703 Atticus,
1417 621 1418 624 ’

162 737 254 813 ceteri
275 734 456 796 liberalibus
474 733 581 794 studiis
602 733 751 814 praediti,
783 735 881 792 ferme
908 733 1038 808 Graeci,
1069 751 1201 812 quorum

166 840 362 904 sermonibus
383 841 547 903 levaretur.
600 815 752 902 Ferebalit
776 842 864 922 periti
885 840 1059 902 caelestium
1079 840 1114 898 iis
1136 840 1206 896 mo-'

128 946 246 1010 5t‘ibus
268 951 403 1010 siderum
431 951 588 1010 excessisse
615 951 712 1012 Roma
742 949 923 1026 Tiberium,
952 959 986 1008 ut
1015 946 1133 1007 reditus
1148 943 1202 1020 ¹illi

163 1058 339 1142 negaretur.
377 1057 468 1118 Unde
495 1061 575 1118 exitii
598 1079 688 1118 causa
710 1037 812 1130 multis
835 1029 898 1118 ¹snit
920 1072 1086 1139 properum
1109 1056 1202 1114 finem

163 1165 244 1227 vitae
266 1166 508 1235 coniectantibus
530 1164 797 1251 vulgantibusque.
840 1169 949 1250 Neque
968 1171 1049 1229 enim
1071 1178 1135 1228 tam
1154 1165 1203 1224 in·

153 1274 342 1334 credibilem
368 1296 471 1335 casum
492 1277 717 1356 providebant,
741 1291 777 1340 ut
797 1280 936 1340 undecim
956 1301 1016 1359 per
1039 1298 1138 1337 annos
1163 1275 1203 1336 li.

169 1383 252 1458 bens,
267 1389 363 1466 patria
388 1389 519 1448 careret.
544 1389 631 1448 -Mox
650 1389 746 1468 patuit
776 1389 871 1450 breve
898 1388 1065 1448 confinium
1084 1386 1157 1443 artis
1175 1393 1205 1443 et

111 1479 251 1568 tofalsi,
275 1511 409 1570 veraque
432 1513 522 1572 quam
537 1492 673 1551 obscuris
704 1500 889 1572 tegerentur.
933 1491 1012 1550 Nem
1042 1493 1071 1550 iu
1097 1491 1205 1552 urbem

142 1619 227 1672 ouon
247 1608 457 1679 regressurum
481 1601 562 1660 haud
585 1601 666 1660 forte
679 1601 814 1662 dictum:
838 1609 1012 1660 ceterorum
1030 1601 1122 1659 nescii
1142 1617 1206 1680 eges

165 1721 219 1784 re,
242 1727 312 1766 cum
335 1684 505 1788 propinquo
528 1729 601 1767 rure
626 1719 680 1768 aut
700 1707 802 1768 littore
825 1719 855 1768 et
875 1729 963 1788 saepe
986 1693 1207 1769 moeniaurbie
1233 1750 1236 1761 »
1294 1761 1298 1766 ,
1392 1693 1398 1702 ’

109 1811 528 1894 59assidens,³extremamx
541 1827 692 1876 senectam
722 1812 935 1895 compleverim
974 1817 1021 1877 Ac
1041 1816 1123 1876 ,forte
1148 1815 1207 1876 iltis

167 1920 275 1984 diebus
294 1917 576 1994 oblatumflaesari
597 1941 707 2002 anceps
732 1921 903 2012 periculum
934 1921 1015 1998 auxit
1050 1939 1124 1978 rana
1152 1920 1207 1979 rui»
1289 1934 1294 1944 “

108 2021 147 2096 15
169 2029 263 2088 moris
273 2028 509 2110 ,praebuitque
522 2030 585 2108 ipsi
608 2029 787 2104 materiem,
818 2051 876 2090 cur
890 2030 1046 2090 amicitiae
1066 2039 1208 2090 constan·

160 2137 287 2217 ,tiaeque
308 2137 408 2196 Seiani
436 2141 529 2219 magis
562 2133 681 2202 fideret.
731 2136 942 2196 Vescebantur
978 2137 1010 2196 i'n
1052 2133 1124 2198 villa
1143 2135 1207 2195 cui
1253 2149 1258 2171 s

167 2244 354 2312 vocabulum
375 2247 565 2328 Speluncae,
591 2268 675 2307 mare
698 2245 902 2306 Amuclenum
922 2247 1003 2305 inter
1023 2231 1215 2306 Fundanum¹

72 2399 77 2404 .
170 2373 229 2432 que
249 2363 376 2428 montes,
397 2357 503 2414 nativo
525 2357 554 2414 in
581 2377 682 2435 specu.
728 2356 803 2416 Eius
824 2377 858 2416 os
878 2354 967 2436 lapsis
989 2365 1117 2437 repente
1131 2354 1208 2412 saxis

161 2460 274 2532 ,obruit
296 2461 442 2541 qu‘osdam
463 2463 638 2535 ministrum
668 2461 740 2522 hinc
762 2475 869 2521 metus·
892 2461 921 2518 in
945 2481 1049 2522 omnes
1069 2471 1106 2521 ‘ct
1138 2459 1208 2539 fuga

111 2589 294 2642 noseorum,
316 2569 369 2649 qui
384 2573 557 2632 convivium
585 2551 793 2630 celebrabant.
841 2570 967 2630 Seianus
997 2589 1077 2649 genu
1107 2567 1208 2628 vultu·

139 2715 142 2727 ⁴
170 2686 280 2758 quest
301 2676 443 2739 manibus
464 2697 556 2759 super
569 2677 726 2736 Caesarem
750 2695 910 2754 suspensus
926 2676 1144 2758 opposuitsese
1164 2675 1208 2731 in'·

100 2781 104 2788 ’
172 2781 369 2862 ridentibus,
391 2793 482 2864 atque
500 2781 607 2844 habitu
633 2781 685 2840 tali
709 2791 847 2862 repertus
869 2789 916 2841 est
943 2803 961 2840 a
985 2777 1131 2839 militibus
1157 2779 1209 2856 qui
1292 2843 1294 2850 J

173 2883 323 2958 subsidio*
339 2899 502 2951 venerant.
545 2889 645 2949 Maior
672 2910 706 2949 ex
735 2911 791 2966 eo,
820 2899 851 2948 et
879 2907 1052 2968 quanquam
1088 2885 1214 2946 exitiosa

120 3007 135 3019 ‘
168 2998 392 3076 ,suaderet„ut
414 3020 478 3059 non
500 2999 545 3058 sui
571 3000 676 3058 anxius
705 3017 776 3058 cum
795 2995 854 3056 lide
883 2995 1074 3076 audiebatnr.
1127 2993 1210 3053 Assi-

111 3105 153 3173 25
174 3089 372 3188 mulabatque
402 3107 510 3166 indicis
540 3117 642 3187 partes
679 3105 823 3188 adversus
858 3105 1033 3169 Germbniei
1063 3105 1209 3185 stirpem,

248 3302 291 3394 17.Ἰ
306 3289 492 3382 emundanum
512 3326 588 3378 inter
602 3319 745 3396 firndqnos
764 3333 869 3376 montes
888 3321 934 3390 M5
956 3323 1075 3376 correxit
1103 3321 1213 3396 teron,

173 3417 226 3472 dut
245 3426 273 3470 et
293 3419 447 3476 Rhenanus.
1093 3439 1099 3466 ι
1176 3435 1178 3438 ·
1231 3423 1233 3428 ’

113 3511 125 3520 ’
246 3515 287 3566 25.
307 3483 468 3584 indicunt:
502 3513 604 3572 indicis
632 3515 762 3569 Muretus.
783 3543 816 3554 -
845 3510 951 3566 Indicis
977 3519 1213 3584 pertenderent

175 3607 294 3658 sustinet
311 3610 359 3678 qui
377 3611 494 3661 aliorum
519 3611 643 3662 facinora
673 3626 745 3665 aAse
773 3610 833 3678 ipso
865 3609 1005 3676 explorata
1031 3607 1074 3659 vel
1101 3607 1217 3660 aliunde

148 3721 156 3732 ‘
177 3710 317 3771 comperta
334 3703 368 3754 ad
385 3705 537 3774 principem
558 3705 658 3770 desert,
671 3698 723 3756 'sed
741 3705 802 3776 qui,
818 3711 848 3754 ut
866 3704 990 3767 Seianus,
1007 3704 1141 3756 subornat
1160 3713 1214 3760 tam

177 3809 350 3854 accusatores
372 3817 453 3870 quarn
471 3805 586 3856 crimina
605 3802 638 3854 ab
658 3802 715 3852 illis
737 3799 898 3870 perferenda
916 3816 986 3870 quae
999 3796 1001 3798 ’
1014 3801 1076 3867 ipse,
1091 3797 1213 3860 iudicat,

178 3897 202 3950 is
222 3901 264 3944 est
282 3895 469 3968 columniotor
484 3905 570 3965 atque,
586 3895 684 3948 iudicis
700 3903 790 3964 partes
807 3911 864 3948 uon
882 3896 935 3947 nisi
955 3895 1101 3946 assimulat.
1120 3893 1215 3947 Iuleli-

177 3991 246 4042 citcr
264 3998 357 4048 sorba
375 3989 478 4044 Mureti
497 3969 723 4060 emendationem*
735 3992 886 4068 disputavit
903 3989 1068 4061 waltherus.
