2900 4724
291 315 353 384 aas
475 290 480 304 ’
626 277 916 377 -runsniun

1094 377 1103 412 l

1102 415 1110 458 l

143 489 172 562 (ι
188 489 449 572 Col->meritum
468 501 537 568 ae],
567 488 714 554 a‘overcae
740 493 853 564 insidiis
880 494 1004 554 domum
1027 472 1145 581 omneln
1162 481 1313 581 ¹murelli,

292 603 404 662 maiore
422 599 534 682 flagitio
556 593 686 683 quamsi
705 600 919 682 impudicitiam
931 601 1037 682 prioris
1048 603 1182 682 coniugis
1202 603 1312 662 retinu-

210 777 212 784 ,
292 709 371 772 isset.
413 709 594 790 Quanquam
629 731 667 770 nc
695 707 913 790 impudicitiam
941 707 1063 789 quidem
1097 710 1313 772 nuncabesse

291 813 429 876 Palla'ute
448 793 596 892 adultero,
617 837 655 876 ne
670 815 742 897 quis
757 815 888 896 ambigat
909 815 999 880 decus
1020 813 1166 894 pudorem
1187 835 1310 895 corpus,

290 932 400 983 cuncta
420 943 513 1004 regno
530 920 639 982 ‘viliora
670 923 790 987 habere.
841 922 922 982 Haec
953 933 1042 1002 atque
1072 921 1143 982 talia
1172 921 1343 996 dictitans5

289 1024 430 1104 amplecti
468 1025 690 1104 Britannicum,
730 1028 825 1088 robur
851 1029 955 1086 aetatis
983 1045 1073 1106 quam
1103 1030 1317 1091 maturrimum

290 1133 428 1212 precari,
449 1131 540 1192 modo
567 1132 606 1191 ad
627 1133 700 1194 deos
733 1132 823 1192 modo
852 1131 891 1190 ad
909 1132 1005 1211 ipsum
1037 1123 1173 1193 tendere
1193 1156 1316 1214 manus,

288 1238 493 1316 adolesceret,
514 1239 763 1318 putris'inimicos
782 1236 964 1320 depelleret,
991 1238 1096 1300 matris
1117 1241 1207 1300 etiam
1229 1241 1318 1302 inter·

249 1347 252 1354 '
290 1345 417 1407 dectores
439 1343 643 1406 ulcisceretur.
684 1345 720 1404 ln
741 1355 823 1404 tanta
844 1345 923 1404 mole
939 1365 1081 1402 curarum
1101 1343 1243 1406 Claudius
1264 1346 1366 1426 va·66
1421 1343 1422 1350 '

267 1446 425 1531 'litudine
447 1451 573 1512 adversa
594 1453 778 1534 corripitur,
801 1448 1030 1530 refovendisque
1054 1451 1170 1512 viribus
1193 1453 1369 1514 mollitiam
1421 1527 1422 1536 ἶ

270 1577 271 1584 ’
293 1557 372 1626 caeli
396 1569 427 1618 et
441 1557 618 1618 salubritate
631 1578 776 1639 aquarum
797 1557 969 1616 Sinuessam
988 1559 1094 1638 pergit.
1116 1559 1197 1618 Tum
1210 1561 1319 1642 Agrip·

294 1666 388 1747 pina,
416 1664 533 1727 sceleris
555 1665 627 1726 olim
648 1675 729 1725 certa
746 1660 784 1724 et¹
796 1662 914 1724 oblatae
925 1663 1088 1724 occasionis
1109 1685 1250 1747 propera,
1266 1669 1321 1728 nec

259 1825 260 1828 ,
295 1771 506 1833 ministsordm
528 1767 633 1854 egena
654 1772 691 1832 de
712 1792 821 1854 genere
843 1772 953 1831 veneni
974 1771 1181 1847 consultavit,
1212 1793 1252 1833 ne
1275 1759 1336 1833 re·¹

296 1882 421 1960 pontiam
440 1893 471 1942 et
497 1881 655 1962 praecipiti
676 1879 789 1938 facinus
808 1877 1006 1959 proderetur,
1034 1880 1059 1938 si
1082 1877 1198 1938 lentum
1221 1887 1252 1938 et
1275 1890 1322 1938 ta·

274 1988 402 2053 ,bidum
421 1985 598 2066 delegisset,
620 2005 658 2043 ne
676 1982 815 2042 'admotus
850 1982 1166 2063 supremis.Clandius
1192 1993 1222 2042 et
1250 1983 1320 2044 dolo
1341 1989 1371 2052 15

293 2094 452 2156 intellecto
472 2091 510 2151 ad
531 2111 662 2151 amorem
683 2088 735 2146 lilii
756 2087 895 2154 rediren-
919 2089 1108 2169 Exquisitum
1125 2087 1240 2172 aliquid
1257 2092 1334 2172 pla-¹

300 2203 410 2276 cebet,
433 2199 515 2280 quod
536 2194 674 2275 turbaret
694 2204 825 2276 mentem
848 2207 878 2255 et
900 2207 1026 2256 mortem
1049 2196 1195 2258 differret.
1238 2201 1325 2261 Deli-

301 2310 381 2389 gitur
413 2302 523 2364 artifex
556 2301 674 2361 talium*
698 2297 845 2359 v'ocabulo
873 2295 1022 2376 Locusta,
1054 2323 1151 2383 nuper
1187 2305 1324 2366 veneficii

301 2414 440 2472 damnata
461 2420 490 2468 et
507 2408 559 2468 diu
579 2409 658 2466 inter
675 2406 879 2477 instrumenta
896 2407 979 2488 regni
1000 2406 1115 2468 hahita.
1157 2408 1233 2470 Eius
1256 2431 1325 2471 mu·

299 2519 381 2580 lieris
399 2518 525 2598 ingenio¹
540 2524 680 2598 paratum
701 2514 804 2592 virus,
826 2515 910 2574 cuius
933 2513 1075 2590 minister,
1101 2536 1118 2576 e
1139 2517 1323 2599 spadonibus
1338 2549 1369 2592 20

305 2684 589 2706 .......-.........

302 2765 454 2862 nimicspue
473 2788 640 2860 Agrippinae
659 2802 717 2857 spes
735 2805 861 2860 arguere,
877 2783 907 2838 'et
923 2786 969 2836 hic
987 2785 1075 2837 eidem
1093 2791 1206 2842 multum
1224 2786 1325 2867 adver·

302 2900 391 2940 aarum
413 2902 476 2937 esse.
511 2881 567 2932 Nec
585 2895 648 2935 vero
676 2881 809 2933 eiiismodi
836 2879 1081 2934 dissimulationem
1106 2881 1244 2936 Narcissus
1265 2885 1326 2954 fla·

302 2983 402 3054 gitium
415 2980 506 3050 potuit
522 2977 672 3048 appellare,
698 2976 861 3040 sufficiebat,
888 2977 911 3026 si
929 2975 1002 3043 gravi
1027 2975 1110 3028 verbo
1130 2979 1169 3029 uti
1197 2978 1325 3039 volebat,

300 3077 415 3146 facinus
431 3074 525 3125 srslrss.
552 3071 615 3126 'Sed
638 3071 768 3139 flagitium
793 3078 850 3123 erat
871 3070 945 3142 qnod
968 3086 1089 3123 noverea
1117 3069 1170 3140 <sic
1192 3071 1325 3124 invidiose

304 3171 452 3240 Agrippina
467 3167 635 3234 appellatur)
654 3163 761 3216 domum
786 3163 927 3216 Claudiam
953 3165 1130 3218 convellebat.
1166 3166 1222 3216 Iam
1241 3181 1325 3234 expe-

306 3265 363 3317 dita
381 3271 422 3315 est
440 3261 588 3314 sententia:
608 3259 722 3312 libertus
748 3265 891 3328 postquam
913 3258 947 3311 de
969 3256 1025 3312 sato
1050 3262 1137 3328 ipsum
1156 3265 1325 3327 exspectante

306 3377 394 3414 coram
418 3357 511 3409 amicis
538 3355 671 3425 quaedam
701 3353 791 3415 iecit,
809 3354 893 3405 minas
920 3355 1024 3422 profert
1049 3355 1077 3406 iu
1102 3353 1276 3422 Agrippinam
1301 3359 1328 3402 et

307 3452 459 3508 maledicta.
495 3451 652 3504 Convietam
669 3448 735 3499 dicit
753 3448 925 3498 Messalinam
952 3454 979 3500 et
997 3447 1095 3500 Silium
1125 3464 1152 3499 se
1170 3450 1326 3507 accusante,

309 3553 344 3602 ob
362 3548 468 3617 imperii
489 3547 643 3615 cupidinem
662 3553 690 3598 et
708 3545 834 3596 infamem
852 3545 1008 3605 libidinem,
1028 3543 1079 3592 iam
1099 3557 1176 3610 pares
1204 3557 1327 3593 accusan-
1346 3526 1348 3529 ’

310 3646 359 3698 dae
374 3661 457 3694 novae
478 3641 587 3698 Claudii
606 3642 697 3693 uxoris
715 3657 807 3692 causas
825 3641 939 3700 adesse,
956 3654 1015 3690 cum
1038 3639 1184 3706 Agrippina
1204 3647 1327 3686 noverea-

309 3725 382 3789 libus
401 3737 470 3788 odiis
489 3753 544 3786 non
571 3735 658 3786 solnm
681 3751 788 3786 omnem
814 3716 945 3806 principis
971 3732 1076 3785 domurn
1109 3729 1258 3791 convellat,
1283 3723 1327 3780 sed

312 3835 394 3886 etiam
414 3822 611 3899 impudicitiam
631 3820 791 3884 Messalinae
810 3833 980 3900 aliquatenus
1000 3831 1143 3885 rettulerit,

398 3943 422 3992 9.
443 3921 573 3976 Claudius
591 3939 641 3976 om.
659 3923 708 3974 Ma.
