2826 4730
363 299 366 311 '
442 293 596 382 uuir.
643 291 732 378 cn.
760 293 896 386 ts-is.
1000 408 1003 418 1
1129 323 1187 388 187

147 501 240 562 bibus
254 494 314 563 'ora
336 501 430 564 maris
463 485 673 584 potiebantur.
725 503 831 585 Neque
860 502 964 586 dispar
994 503 1074 586 apud
1111 505 1339 587 Conslanui)

147 611 335 691 antiquitas,
358 621 387 672 et
408 609 570 674 accedebat
592 611 736 670 meritum
751 631 794 670 ex
817 609 905 676 loco:
928 631 1000 672 nam
1021 612 1104 674 cives
1123 615 1188 674 lio·
1292 653 1294 660 ,

147 740 254 780 manos
293 718 408 802 templo
441 718 617 804 Aesculapii
656 720 860 796 induxerant,
890 739 961 779 cum
996 719 1078 780 iussu
1106 722 1188 802 regis

147 828 336 890 Mithridatis
357 829 441 912 apud
460 841 585 891 cunctas
606 829 699 892 Asiae
728 827 840 890 insulas
870 839 899 889 et
929 829 1022 889 urbes
1052 808 1188 891 trucidass
1267 883 1269 886 .

112 939 132 1002 5
151 947 266 1000 rentur.
306 939 410 1000 Variis
435 939 546 1001 dehinc
567 950 598 1000 et
618 941 735 1020 saepius
755 939 849 1000 irritis
869 947 1043 1020 praetorum
1071 937 1189 1018 questi..

148 1047 226 1126 bus,
250 1060 404 1130 postremo
425 1049 535 1110 Caesar
555 1048 594 1110 de
614 1047 807 1114 immodestia
842 1046 1026 1108 histrionum
1047 1043 1188 1105 rettulit:

149 1155 303 1220 multaab
323 1157 359 1216 iis
381 1159 413 1215 in
433 1157 590 1238 pubiicum
610 1159 768 1236 seditiose,
791 1155 880 1218 foeda
902 1141 1092 1235 perdemus
1121 1161 1190 1212 ten-

149 1261 231 1334 tari3
255 1259 372 1321 Oscum
393 1235 548 1343 <inondum
572 1263 743 1340 ludicrum,
763 1263 935 1325 levissimae
962 1259 1044 1342 apud
1062 1253 1189 1342 vulgum
1276 1275 1282 1290 ‘
1345 1285 1373 1314 w

149 1367 359 1440 oblectationis
379 1389 415 1430 eo
439 1368 622 1450 flagitiorum
643 1381 675 1432 et
696 1371 810 1431 virium
834 1371 968 1449 venisse,
997 1381 1033 1432 ut
1054 1369 1190 1430 auctori·
1291 1367 1293 1372 ’

80 1463 211 1546 ⁴15tate
232 1474 354 1557 patrum
375 1477 576 1538 coercendum
600 1481 648 1542 sit.
688 1479 775 1543 Pulsi
795 1491 861 1540 tum
883 1479 1046 1540 histriones
1068 1475 1168 1538 ltalia.

233 1581 318 1644 Idem
343 1605 442 1646 annus
465 1582 525 1645 alio
546 1571 668 1666 quoque
688 1585 773 1646 luctu
797 1587 958 1648 Caesarem
981 1587 1098 1663 afficit,
1119 1583 1191 1647 ulte·

150 1711 220 1752 rum
245 1713 280 1753 ex
301 1693 429 1773 geminis
450 1693 542 1753 Drusi
563 1693 668 1755 liberis
688 1695 932 1778 exstinguendo,
949 1716 1062 1777 neque
1089 1691 1191 1753 minus

105 1856 112 1866 ,
149 1809 249 1886 morte
263 1799 364 1858 amici.
409 1799 439 1860 la
460 1801 520 1861 fuit
536 1800 672 1863 Lucilius
692 1804 837 1886 Longae,
858 1804 994 1864 omnium
1022 1802 1067 1862 illi
1092 1801 1191 1861 tristi·

150 1929 204 1968 um
228 1906 441 1989 laetorumque
469 1909 579 1989 socius,
599 1931 739 1994 unusque
761 1911 982 1972 esenatoribus
1003 1905 1119 1970 Rhodii,
1144 1925 1192 1966 se·

87 2007 127 2070 ¹5
151 2031 257 2076 cessus.
272 1993 407 2076 comes..
430 2016 489 2093 lta,
508 2037 686 2100 quanquam
705 2039 787 2080 novo
808 2019 935 2098 homiui,
958 2015 1129 2080 censorium
1142 2013 1200 2074 iu·-

150 2140 232 2194 nus‚
259 2121 389 2206 effigiem
408 2123 490 2206 apud
507 2123 609 2185 forum
629 2126 757 2210 Augusti
773 2127 894 2208 publica
929 2123 1057 2209 pecunia
1090 2133 1191 2205 patres

150 2227 333 2303 decrevere,
364 2229 446 2312 apud
476 2251 554 2314 quos
584 2236 675 2318 etiam
707 2245 773 2294 tum
796 2245 919 2296 'cuncta
953 2230 1189 2307 tractabantur,

65 2394 69 2402 ,
149 2333 225 2396 adeo
245 2347 281 2394 ut
301 2347 482 2416 procurator
500 2337 590 2399 Asiae
603 2339 738 2402 Lucilius
754 2341 863 2424 Capito
885 2351 1046 2402 accusante
1066 2341 1193 2422 provin·
1233 2348 1246 2371 ·'

148 2443 195 2502 cia
217 2463 339 2504 causam
359 2443 478 2538 dixerit,
492 2437 610 2530 'magna
629 2467 700 2510 eum
718 2451 942 2512 asseveratione
961 2447 1111 2530 principis
1128 2469 1191 2510 uon

83 2580 129 2621 20
153 2571 186 2611 se
210 2551 256 2610 ius
273 2553 332 2612 nisi
348 2553 380 2612 in
404 2556 529 2615 servitia
553 2567 583 2618 et
603 2559 749 2639 pecunias
767 2557 928 2619 familiares
941 2555 1078 2617 dedisse:
1098 2556 1191 2637 quod·
1299 2589 1305 2605 ι

149 2658 176 2720 si
198 2659 261 2719 vim
282 2662 433 2742 praetoris
455 2640 633 2744 usurpasset
662 2665 863 2746 manibusque
891 2661 1024 2724 militum
1050 2662 1191 2722 nauclo-
1226 2663 1229 2670 '

150 2777 211 2840 ret,
232 2779 334 2848 spreta
357 2771 388 2829 in
408 2791 445 2832 eo
471 2771 616 2834 mandata
636 2795 710 2834 sua:
731 2772 874 2834 audirent
897 2770 1005 2837 socios.
1050 2773 1096 2831 ltu
1119 2789 1191 2828 reus

149 2874 273 2958 cognito
284 2878 408 2958 negotio
419 2877 591 2942 damnatur.
613 2881 665 2942 Ob
677 2901 771 2964 quam
781 2879 941 2957 ultionem,
952 2888 984 2940 et
1001 2877 1073 2962 quia
1088 2877 1190 2958 priore

150 2989 233 3044 anno
256 2984 286 3044 in
309 2985 422 3048 Gaium
444 2986 585 3050 Silanum
605 2989 795 3052 vindicatum
815 2999 895 3064 erat,
920 2986 1086 3052 decrevere
1099 2987 1191 3047 Asiae

85 3083 132 3147 25
148 3090 239 3176 urbes
256 3087 405 3175 templum
427 3095 553 3158 'liberio
572 3099 722 3180 matrique
742 3101 807 3172 eius
828 3119 863 3160 uc
884 3096 1011 3160 senatui.
1053 3094 1096 3154 Et
1117 3113 1191 3175 per·
1227 3174 1229 3177 ι

150 3197 278 3258 missum
298 3209 453 3281 statuere3
477 3206 599 3290 egitque
627 3207 710 3268 Nero
742 3211 846 3290 grates*
871 3227 907 3267 ea
936 3224 1026 3266 causa
1053 3201 1191 3286 patribus

151 3309 242 3387 atque
261 3328 340 3386 avo,
375 3309 469 3371 laetas
491 3310 572 3373 inter
591 3311 785 3378 audientium
829 3313 1021 3392 affectiones,
1052 3311 1105 3393 qui
1138 3313 1208 3370 re-'

150 3414 231 3474 centi
251 3419 399 3478 memoria
416 3419 589 3481 Germanici
622 3417 708 3484 illum
733 3421 865 3504 adspici,
886 3419 975 3482 illum
1004 3417 1104 3481 audiri
1138 3437 1190 3478 re·

152 3513 281 3584 bantur.
324 3523 526 3610 Aderautque
551 3529 655 3590 iuveni
686 3529 833 3594 modestia
860 3518 897 3592 ac
926 3530 1026 3590 forma
1051 3513 1191 3610 principe
1280 3593 1289 3618 ,Ι

80 3634 129 3716 30
152 3625 220 3688 viro
244 3628 360 3713 digua,
383 3637 462 3698 notis
482 3636 514 3697 in
537 3658 607 3700 eum
627 3638 729 3700 Seiani
743 3637 830 3739 xodiis
861 3638 902 3700 ob
921 3635 1093 3722 periculum
1117 3658 1192 3723 gre·
1294 3666 1298 3677 r

151 3736 242 3803 tiore.
339 3759 341 3766 ’
972 3739 975 3748 ⁴

153 3897 435 3930 u-——ss-
538 3940 558 3963 ‚r

237 3997 263 4049 9.
282 3993 312 4034 ut
330 3999 381 4036 om.
400 3983 446 4053 M5
466 3985 545 4041 dedit
562 3989 708 4042 Victorius.
