2900 4724
878 94 886 129 i

435 321 508 384 un.
530 322 602 384 xn.
646 319 737 386 cnr.
759 329 903 422 oa-os„
1100 327 1171 412 333

162 505 257 566 Gnaei
278 503 375 566 mariti
399 506 462 566 eius
481 525 581 581 soror,
594 527 696 586 parcnt
717 508 774 567 sibi
798 509 1005 572 claritudinem
1021 508 1324 594 cisterciencis).

161 611 224 672 Nec
243 611 338 672 forna
356 625 438 672 actas
459 634 531 694 opes
549 613 678 674 multum
699 613 858 688 distabant
881 628 910 677 et
929 627 1058 698 utraque
1075 619 1174 698 impu·

160 717 228 780 dicu
247 717 365 779 infamis
384 719 535 794 violenta,
578 717 659 779 haud
689 721 799 780 minus»
815 721 895 780 vitiis
920 721 1155 782 aemulabantur
1162 757 1177 798 ,-

135 857 138 863 ·
160 847 248 908 quarn
273 826 298 887 si
320 847 379 909 que
399 847 432 886 ex
454 826 576 913 fortuna
595 847 739 914 prospera
771 838 957 908 acceperant.
1005 829 1173 890 Enimvero

121 927 308 994 §certamen
330 936 529 1010 acerrimum,
559 935 649 996 amita
677 937 777 1014 potius
798 957 837 994 an
858 943 956 996 mater
976 935 1055 1016 apud
1081 936 1175 996 Nero·

157 1057 225 1100 netu
245 1039 449 1119 praevaleret:
483 1054 554 1099 nem
586 1039 698 1119 Lepida
724 1038 936 1100 blandimentis
956 1061 991 1100 ac
1011 1040 1176 1124 largitioni·

155 1147 210 1208 bus
231 1145 393 1208 iuvenilem
406 1149 539 1225 animum
559 1143 760 1218 devincebat,
783 1147 861 1206 truci
883 1155 989 1206 contra
1009 1167 1043 1208 ac
1065 1147 1177 1208 minaci

156 1257 344 1336 Agrippina,
363 1272 440 1332 quae
462 1250 523 1310 filio
536 1247 607 1310 dar'e
619 1251 790 1332 imperium,
803 1252 937 1314 tolerare
955 1256 1178 1335 imperitantem

95 1359 309 1458 ss5nequibat·
352 1361 492 1419 Ceterum
512 1355 629 1416 obiecta
658 1367 728 1416 sunt
748 1357 832 1436 quod
855 1361 1012 1440 coniugem
1030 1361 1176 1444 principis

99 1503 138 1542 ,ο
155 1464 363 1527 devotionibus
382 1462 550 1542 petivisset,
579 1459 720 1541 quodque
752 1481 860 1540 parurn
880 1465 1014 1523 coercitis
1036 1487 1090 1545 per
1118 1467 1176 1526 Ca·

155 1571 283 1634 labriam
314 1589 471 1632 servornm
490 1567 659 1647 agminibus
688 1585 792 1646 pacem
820 1566 922 1628 ltaliae
952 1567 1101 1634 turbaret.
1129 1571 1177 1630 Ob

154 1673 228 1736 haec
248 1696 328 1736 mors
349 1673 470 1747 indicta,
493 1670 620 1732 multum
633 1668 810 1730 adversante
831 1668 977 1756 Narcisso,
998 1676 1050 1754 qui
1064 1673 1176 1758 Agrip·

152 1781 375 1862 pinam'mngis
405 1779 561 1858 magisque.
585 1785 755 1856 suspectans
786 1778 965 1858 prompsisse
997 1781 1076 1840 inter
1106 1802 1177 1863 pro·

152 1889 246 1946 nimos
268 1884 420 1946 serebatur
443 1892 553 1942 certam
573 1881 629 1941 sibi
650 1879 821 1961 perniciem,
843 1901 895 1940 seu
911 1881 1111 1944 Britannicus
1127 1905 1177 1946 re-

96 2019 136 2078 ¹5
156 2015 224 2054 runt
243 2013 294 2053 sen
317 1990 394 2048 Nero
413 1997 578 2068 poteretur.
621 1986 733 2046 Verum
752 1988 794 2046 ita
816 1985 854 2046 de
874 2006 905 2046 se
933 1987 1077 2088 meritum
1100 1989 1175 2052 Cae-

147 2093 272 2171 sarem,
296 2109 329 2158 ut
347 2099 438 2156 vitam
460 2095 610 2160 usuieius
629 2092 827 2174 impenderet.
870 2091 1048 2154 Convictam
1070 2097 1176 2160 Messe-
1203 2139 1209 2152 .

150 2207 243 2268 linem
265 2219 294 2267 et
314 2203 431 2266 Silium.
485 2201 575 2263 Pares
594 2203 703 2260 iterum
727 2198 887 2260 accusandi
915 2220 1017 2262 causas
1043 2221 1107 2266 asse
1134 2204 1176 2288 [si

150 2311 231 2374 Nero
252 2313 460 2392 imperitaret,
482 2309 656 2370 Britannico
678 2326 872 2386 successore,
907 2305 1026 2370 nullum
1047 2312 1175 2395 principi
1264 2359 1265 2366 ,

157 2421 442 2436 Μ

223 2471 261 2521 rt.
281 2470 306 2518 si
323 2467 395 2518 Nero
408 2463 589 2524 -meritum,
607 2460 651 2534 ac]
672 2461 712 2514 En
731 2460 815 2513 frusta
834 2477 914 2513 sensu
928 2465 1046 2516 carentia
1064 2481 1095 2517 ac
1105 2467 1173 2519 miro
1241 2495 1245 2502 ·

151 2575 212 2610 casu
230 2565 309 2625 nnta;
330 2575 443 2628 qnorum
461 2557 515 2610 duo
532 2557 637 2625 priora,
656 2554 679 2605 ri
705 2555 777 2604 Nero
809 2556 978 2624 imperitaret
1005 2564 1087 2628 atque
1111 2560 1174 2612 Bri-

149 2654 265 2706 tannico
286 2668 447 2713 successore,
459 2651 573 2720 margini
591 2649 696 2716 antiqui
715 2646 853 2697 cniusdam
871 2648 936 2714 libri
953 2647 1087 2718 adscripta
1112 2661 1175 2706 tunt

150 2746 185 2800 ad
203 2745 360 2814 explicanda
377 2746 432 2796 tire
451 2739 693 2796 ciicumscribeoda
710 2739 800 2790 Taciti
818 2757 887 2808 quae
901 2743 1067 2796 antecedunt
1082 2745 1174 2810 verba,

118 2825 122 2837 ¹
149 2859 194 2894 stu
221 2841 398 2892 Britannicus
422 2853 512 2891 rerum
545 2854 593 2888 scu
619 2835 691 2886 Nero
713 2825 861 2905 poteretur.
906 2837 987 2888 Porro
1019 2836 1174 2892 adulterina

149 2912 256 2988 nullum¹
270 2912 392 3004 principi
408 2933 531 2984 meritum
548 2937 686 2980 orta'sunt
704 2945 736 2978 ex
756 2927 879 2994 genuinis
906 2929 1003 2981 Verum
1027 2931 1068 2982 ito
1090 2929 1122 2984 de
1146 2949 1173 2984 ce

149 3027 273 3080 meritum
293 3027 451 3087 Caesarem,
469 3023 600 3092 adnuae
616 3023 700 3073 lector
729 3023 843 3088 margini
870 3017 972 3074 ‘adiecit
994 3024 1097 3076 nullum
1124 3025 1173 3076 tali

143 3122 270 3192 ‘principi
287 3122 411 3172 meritum
441 3116 553 3177 deberi,
578 3115 659 3166 immo
678 3114 772 3166 liberti
791 3119 1017 3185 magnificentiam
1043 3134 1098 3171 nou
1124 3138 1172 3188 pro
1244 3185 1245 3190 ¹

148 3215 279 3282 principis
297 3213 393 3262 merito
412 3209 596 3279 accipiendam
616 3225 672 3260 esse
691 3209 737 3260 scd
765 3195 824 3262 eiu'r
853 3213 955 3280 stupori
978 3211 1172 3280 imputandam.

148 3309 187 3358 Ea
206 3309 294 3358 omnia
315 3305 448 3357 Tacitinis
467 3305 542 3356 illata
558 3304 744 3380 etparticnla
762 3321 795 3357 cc
814 3307 874 3372 (Ma
895 3311 926 3371 a)
955 3323 1064 3378 quoquo
1091 3305 1172 3358 modo

149 3405 294 3453 coniuncta
313 3409 425 3470 quantas
445 3401 536 3474 turbas
556 3398 681 3450 clederint
691 3399 817 3470 virosque
837 3400 928 3451 doctos
949 3399 1179 3463 excruciaverunt„

149 3511 181 3546 ex
201 3497 317 3546 Ernestii
335 3503 362 3547 et
381 3490 514 3549 Walthcri
533 3497 603 3544 notis
625 3494 837 3562 cognoscendum
859 3494 1006 3547 lectoribus
1036 3493 1170 3562 relinqui·
1251 3537 1253 3544 .

148 3605 215 3640 mut.
232 3587 304 3660 *set
322 3595 406 3640 restat
423 3590 526 3639 macuta
545 3589 597 3638 cito
618 3587 772 3640 altinenda:
790 3605 852 3638 nam
871 3589 949 3656 vulgo
971 3589 1088 3655 legitur,
1113 3609 1171 3640 ma·

149 3673 337 3750 ioreflagitio
354 3687 475 3752 quamsi
505 3681 703 3750 impudicitiam
728 3681 830 3750 prioris
855 3682 980 3750 coniugis
1004 3683 1170 3748 reticuisset,
1224 3689 1240 3710 ⁸

147 3777 233 3845 idque
255 3777 293 3826 ito
314 3761 464 3842 accipiunt,
483 3785 512 3826 ut
530 3776 668 3826 Narcissus
689 3785 772 3826 semet
800 3779 856 3844 ipse
881 3775 1053 3826 incusctob
1069 3757 1170 3848 iigrip-

150 3869 443 3939 pinaesacinornapud
456 3871 602 3936 principem
623 3887 635 3919 a
654 3888 682 3920 sc
701 3870 873 3934 dissimulato3
889 3869 935 3920 sed
955 3869 1002 3920 ille
1018 3887 1069 3922 non
1091 3872 1170 3922 dissi—

151 3967 278 4016 mularit:
301 3980 364 4016 uam
382 3978 461 4032 supra
481 3967 515 4026 (c,
536 3968 593 4031 57.)
609 3961 721 4030 lr'gituus
741 3981 800 4014 cunr
813 3965 997 4033 impotentiam
1015 3965 1171 4018 muliebrem·
