2900 4706
514 221 589 309 un.
610 208 696 328 auu
725 241 827 354 ³orn
855 187 982 312 sl-ss
1182 247 1253 338 ,tor

229 397 363 494 octavus,
387 433 416 482 ut
439 423 597 502 imperium
618 419 745 482 obtines:
767 420 867 482 medio
894 424 1039 502 temporis
1065 431 1180 510 tanturn
1203 423 1293 494 iro-(a
1307 427 1400 486 0621

229 551 337 590 uorum
370 536 461 607 atquc
482 547 575 607 opum
605 526 636 586 in
667 546 716 586 me
744 526 922 601 cumulasti,
952 537 985 614 ut
1017 527 1090 586 nibil
1122 527 1255 588 felicitati

226 655 311 696 meae
331 635 409 696 desit
438 634 494 694 nisi
523 632 693 694 moderatio
723 634 798 694 eius.
839 631 919 694 Utar
951 637 1065 714 magnis
1094 633 1254 714 exemplis,

204 765 282 824 ¹nm
304 764 386 804 mene
406 744 544 804 fortunae
565 741 616 802 sed
631 751 716 806 tuae.
755 742 880 802 thorus
905 751 975 801 tuus
995 741 1149 822 Augustus
1173 745 1254 802 Mar-

128 837 130 852 *
189 854 262 916 Sco
289 853 442 932 Agrippae
463 850 664 933 Mytilenense
683 859 850 927 secretum,
872 851 947 910 Gaio
983 851 1148 910 Maecenati
1179 852 1254 910 urbe

185 1008 187 1014 .
225 962 255 1019 in
289 961 351 1041 ipsa
377 960 461 1020 velut
490 959 688 1041 peregrinum
710 959 808 1017 etium
839 959 992 1037 permisit,
1023 979 1151 1038 quornm
1177 956 1253 1015 alter

224 1065 372 1142 bellorum
395 1070 493 1128 socius
509 1111 519 1144 ,
537 1066 612 1126 niter
634 1067 748 1128 Romae
780 1065 916 1146 pluribus
940 1063 1095 1124 laboribus
1128 1064 1252 1124 iactatus

225 1172 323 1252 ample
345 1173 490 1254 quidem,
514 1173 566 1232 sed
587 1195 643 1253 pre
665 1175 837 1255 ingentibus
856 1173 988 1245 meritis,
1009 1173 1141 1250 praemia
1166 1191 1251 1230 acce·

160 1327 163 1334 .
222 1289 338 1358 perant.
381 1279 447 1358 Ego
468 1279 542 1359 quid
561 1279 644 1338 aliud
666 1279 888 1342 munificentiae
899 1277 1044 1338 adbibere
1057 1280 1138 1358 potui
1161 1298 1250 1358 quam

170 1397 204 1438 ¹0
221 1383 338 1460 studia,
359 1395 393 1444 ut
413 1388 455 1444 sic
480 1385 614 1458 dixerim,
633 1388 664 1444 in
686 1385 796 1449 umbra
818 1383 956 1460 educam
980 1395 1010 1444 et
1029 1386 1140 1466 'quibus
1162 1386 1250 1444 ciari-

221 1491 296 1551 tudo
317 1491 409 1560 venit,
432 1490 515 1571 quod
540 1492 679 1551 iuventae
700 1500 769 1550 tune
791 1489 970 1550 rudimentis
992 1489 1109 1548 affuisse
1132 1489 1248 1562 videor,

221 1598 338 1680 grande
362 1597 452 1658 buius
479 1601 523 1658 rei
554 1600 697 1678 pretium.
752 1599 793 1658 Aa
827 1608 860 1658 tu
895 1599 1021 1681 gratiam
1050 1601 1248 1675 immensam,

173 1683 179 1692 ι
220 1709 415 1766 innumeram
444 1705 608 1785 pecuniam
639 1703 869 1781 cicumdedisti,
899 1705 974 1768 n'deo
1009 1716 1042 1763 ut
1070 1696 1249 1786 plerumque
1272 1701 1274 1705 ’

221 1812 302 1878 intra
323 1812 457 1892 meipse
481 1811 601 1872 volvam
616 1821 737 1894 -‘cgone
759 1813 889 1894 equestri
916 1822 945 1872 et
975 1797 1154 1892 provincinli
1184 1816 1248 1874 idco
1287 1804 1291 1811 ’

83 1983 86 1986 ,
161 1931 200 1994 15
221 1929 332 1992 ortus,
357 1920 534 2000 proceribus
566 1921 696 1982 civitatis
723 1922 932 1984 adnumeres?
966 1923 1051 1982 luter
1074 1920 1189 1984 nobiles
1219 1931 1248 1981 et

215 2025 309 2107 ionga
330 2027 437 2086 decora
459 2027 659 2107 praeferentes
680 2030 799 2088 novitas
820 2048 887 2088 mea
909 2027 1031 2089 enituit?
1048 2029 1099 2088 uhi
1120 2039 1164 2086 cst
1181 2031 1247 2108 ani-

216 2153 285 2194 mus
308 2121 359 2195 ille
383 2135 511 2196 modicis
534 2143 719 2197 contentus?
746 2137 829 2198 Telis
847 2137 1117 2216 ,bortos.exstruit,
1139 2147 1170 2196 et
1191 2159 1247 2220 per

217 2241 290 2300 baec
314 2241 486 2302 suburbana
510 2242 640 2322 incedit,
674 2255 705 2304 et
736 2245 830 2304 tantis
859 2263 999 2324 agrorum
1017 2245 1150 2326 spatiis,
1184 2255 1246 2306 tam

115 2379 122 2390 ·
218 2349 279 2410 lato
300 2349 405 2410 fenore
420 2349 568 2410 exuberat
576 2347 598 2410 l'
618 2349 693 2410 Una
706 2350 841 2412 defensio
862 2353 1012 2428 occurrit,
1033 2352 1116 2432 quod
1138 2374 1246 2414 mune.

162 2455 303 2544 54ribus
321 2459 381 2518 tuis
402 2457 497 2516 obniti
519 2478 581 2517 non
603 2455 707 2517 debui.
751 2457 811 2517 Sed
838 2467 967 2537 uterquc
989 2437 1160 2519 mensuram
1189 2461 1246 2519 im·

218 2563 380 2644 punimus,
403 2573 432 2621 et
452 2573 506 2638 tu,
528 2571 675 2642 quantum
696 2565 839 2642 princeps
858 2562 995 2646 tribuere
1015 2566 1112 2623 arnico
1133 2576 1243 2644 posset,

218 2682 257 2730 et·
270 2691 347 2751 ego,
368 2681 515 2750 quantum
538 2670 653 2745 unricus
671 2691 689 2728 a
709 2666 848 2750 principe
872 2669 1019 2750 accipere.
1062 2671 1168 2730 Cetera
1197 2674 1245 2732 in-

217 2777 330 2838 vidiam
351 2786 472 2858 augent.
517 2776 604 2854 Quae
628 2773 765 2854 quidem,
790 2784 824 2834 ut
853 2776 955 2835 omnia
975 2775 1138 2847 mortalia,
1166 2779 1268 2838 infra.

215 2893 300 2943 tuam
328 2879 573 2964 magnitudinem
602 2879 718 2954 iacent,
753 2877 805 2940 sed
829 2879 904 2939 mihi
937 2881 1141 2943 incumbunt:
1173 2883 1246 2943 mibi

161 2997 199 3060 25
217 2988 456 3051 subveniendum
477 2998 530 3048 est.
574 2986 734 3065 Quomodo
756 2986 787 3045 in
809 2987 915 3047 militia
934 2997 989 3049 aut
1006 2989 1062 3049 uin
1084 2989 1175 3049 fessus
1193 2990 1246 3050 nd·

218 3092 398 3156 minioulum
417 3113 560 3170 orarem,
580 3095 623 3154 ita
644 3096 674 3152 in
696 3091 756 3154 boc
775 3094 885 3154 itinere
909 3087 1005 3172 uitae,
1036 3116 1124 3155 senex
1147 3109 1176 3156 et
1201 3091 1245 3158 ie-
1281 3151 1283 3156 .

218 3203 344 3264 vissimis
364 3221 484 3284 quoque
505 3202 585 3260 curis
605 3199 722 3280 impar,
752 3220 821 3259 cum
847 3221 918 3281 opes
952 3222 1033 3264 meos
1052 3200 1132 3261 ultre
1158 3205 1246 3262 susti-

215 3362 508 3378 m

306 3477 330 3540 4·
351 3489 384 3526 ne
403 3473 453 3526 Me,
473 3470 537 3525 Mox
564 3471 671 3526 abavus
694 3471 818 3540 Lipsius:
846 3471 951 3524 codices
971 3484 1073 3525 atavae
1101 3472 1246 3537 nytelenae

211 3564 263 3616 M·-
1150 3551 1153 3568 ’

289 3662 327 3715 16.
347 3657 458 3731 decora]
479 3675 547 3713 cunc
565 3659 616 3718 Mt.
865 3721 867 3730 γ

286 3768 327 3804 er.
347 3765 377 3803 tu
397 3767 448 3806 om.
470 3751 521 3804 Mt.
538 3752 611 3805 idem
632 3755 671 3807 23.
693 3755 794 3826 agini,
813 3763 840 3806 et
860 3770 885 3822 p.
900 3757 960 3823 408,
978 3773 998 3809 ι.
1024 3753 1122 3815 lubere.
1160 3755 1245 3826 Vulgo

218 3845 277 3899 tute
296 3863 341 3901 eas
360 3847 451 3901 inritis
470 3845 565 3908 BGblt.
