2826 4730
434 273 591 340 L1B.rV.
637 275 879 358 uarat-uas.
964 359 967 369 Α
1096 242 1228 366 ,193'
1290 311 1292 316 -

142 476 343 530 mutaverant.
372 463 463 526 ¹Erat
486 462 530 522 illi
552 463 730 544 praedarum
752 435 947 540 recepturae
969 457 1068 537 sapius
1083 449 1221 537 popu-(⁸
1241 453 1337 522 aaa)

142 572 225 634 landi
245 554 296 634 rex
325 575 568 646 Garamantum,
607 591 668 628 uon
696 580 821 628 ut‘cum
852 566 992 626 exercitu
1022 564 1187 644 incederet,

142 682 195 742 sed
218 684 315 742 missis
339 682 458 768 levibus
475 681 597 762 copiis,
620 699 699 761 quae
723 700 757 738 ex
779 677 946 758 longinquo
967 675 998 734 in
1020 675 1117 737 maius
1131 694 1188 735 au-

143 789 327 863 diebantur,
364 787 489 870 ipsaque
518 790 737 870 eprovincia‚
765 797 807 852 ,ut
829 789 896 868 quis
921 785 1067 845 fortunae
1087 784 1187 862 inops,
1281 799 1287 808 ·

110 891 279 956 fimoribus
300 895 466 974 turbidus,
499 895 672 978 promptius
693 895 848 973 ruebant,
879 893 952 976 quia
982 893 1092 953 Caesar
1119 899 1188 972 post

142 1021 227 1060 resa
255 999 360 1060 Blaeso
380 1010 501 1084 gestas,
537 1001 626 1082 quasi
656 999 749 1060 nullis
769 1002 829 1060 iam
853 1001 886 1059 in
911 998 1016 1060 Africa
1035 996 1185 1068 hostibus,

144 1107 294 1188 reportari
317 1131 431 1169 nonam
462 1109 613 1191 legionem
634 1112 781 1187 iusserat3
815 1129 872 1170 nec
897 1129 953 1190 pro
975 1107 1103 1191 consule¹
1123 1107 1188 1168 eius
1291 1132 1294 1142 ’

143 1214 365 1279 anniPublius
387 1214 548 1277 Dolabella
570 1219 703 1278 retinere
725 1235 816 1277 ausus
838 1227 914 1292 erat,
936 1217 1015 1276 iussa
1039 1217 1186 1298 principis
1294 1264 1299 1272 .

90 1323 238 1408 Qmagis
257 1304 354 1430 'quam
376 1323 492 1384 incerta
514 1323 587 1384 belli
611 1336 761 1384 metuens.
805 1300 903 1405 igilur
923 1322 1188 1384 Tacfarinasdis-
1295 1381 1300 1404 ,
1347 1376 1349 1386 .

92 1448 128 1490 ro
145 1449 230 1510 perso
255 1451 380 1490 rumore
401 1453 467 1492 rem
492 1432 660 1492 Romanam
694 1430 760 1490 aliis
790 1448 914 1512 quoque
943 1429 983 1490 ab
1011 1429 1187 1492 nationibus

143 1536 292 1618 lacerari,
325 1559 421 1620 eoque
448 1536 598 1620 paulatim
622 1537 721 1599 Africa
744 1539 916 1611 decedere,
950 1558 985 1598 ac
1005 1557 1091 1618 posse
1112 1533 1187 1624 relif

143 1663 218 1723 quos
237 1645 475 1717 circumveniri,
498 1647 523 1704 si
547 1647 647 1725 cuncti
668 1645 787 1725 quibus
800 1642 924 1704 libertas
945 1643 1068 1705 servitio
1084 1645 1188 1726 potior

142 1741 390 1830 incubuissent,
409 1758 498 1832 auget
523 1751 622 1828 vires,
653 1751 820 1832 positisque
851 1749 956 1810 castris
985 1749 1192 1810 Thubuscum*

142 1857 288 1939 oppidum
309 1857 519 1931 circumsidet,
569 1856 612 1922 At
645 1853 809 1918 Dolabella
839 1867 995 1918 contracto
1018 1856 1187 1940 quoderat
1278 1885 1279 1890 ¹

85 1971 123 2036 15
142 1965 294 2040 militum,
317 1973 435 2025 terrore
456 1965 586 2025 nominis
608 1965 759 2044 Romani,
785 1975 815 2026 et
836 1967 908 2048 quia
928 1955 1076 2024 Numidae
1100 1964 1188 2047 pedi·

142 2086 208 2134 tum
229 2073 326 2134 aciem
348 2073 433 2135 ferre
452 2083 628 2156 nequeunt,
664 2071 763 2154 primo
782 2073 829 2132 sui
854 2073 972 2134 incessu
993 2073 1083 2134 solvit
1104 2073 1187 2134 obsi·

144 2181 249 2258 dium,
272 2178 475 2263 locorumque
494 2177 672 2262 opportuna
691 2179 901 2262 permunivit3
923 2177 1014 2240 simul
1034 2181 1186 2262 principes

143 2282 398 2350 Mufilamiorum
437 2287 638 2372 desectionem
683 2298 857 2368 coaptantes
896 2286 998 2350 securi
1040 2290 1186 2372 percutit.

142 2398 222 2458 Dein
244 2399 316 2480 quia
338 2395 477 2478 pluribus
499 2396 663 2458 adversum
680 2395 915 2457 Tacfarinatem
941 2395 1185 2488 expeditionibus
1291 2391 1293 2396 ⁵

76 2533 121 2574 20
140 2506 295 2590 cognitum
316 2527 378 2566 non
400 2505 487 2590 gravi
506 2527 562 2566 uec
583 2526 646 2566 uno
662 2509 788 2566 incursu
804 2503 1041 2566 consectandum
1067 2502 1186 2566 bostem

140 2635 270 2695 vagum,
295 2611 394 2674 excito
415 2617 486 2676 eum
507 2613 707 2696 popularibus
729 2633 799 2703 rege
820 2611 1016 2690 Ptolemaeo,
1039 2623 1186 2698 quattuor

139 2720 262 2801 agmina
281 2730 390 2802 parat,
412 2738 491 2802 quae
515 2719 620 2803 legatis
640 2729 696 2780 aut
716 2718 851 2781 tribunis
883 2718 977 2800 data3
1003 2729 1033 2781 et
1054 2719 1186 2801 praeda·
1216 2765 1218 2768 -
1302 2761 1304 2765 -

138 2829 234 2887 torius
268 2849 376 2888 manus
415 2827 525 2888 delecti
558 2829 739 2889 Maurorum
767 2825 900 2886 duxere:
936 2827 1000 2905 ipse
1028 2822 1186 2885 consultor

73 2934 253 3024 25aderat
274 2934 426 2998 omnibus.
481 2932 547 2995 Nec
576 2931 673 2995 multo
694 2945 764 3015 post
784 2931 914 2995 affertur
933 2929 1082 2992 Numidas
1102 2933 1185 3015 apud

70 3049 120 3110 25
139 3042 297 3106 castellum
318 3042 520 3122 semirutum,
540 3043 586 3103 ab‘
600 3043 673 3124 ipsis
697 3041 852 3125 quondam
865 3040 1045 3124 incensumf,
1066 3044 1117 3103 cui
1131 3064 1185 3103 no·

139 3171 211 3224 men
232 3127 354 3228 bacea,
376 3150 480 3232 positis
501 3149 669 3232 mapalibus
687 3149 874 3229 consedisse,
906 3149 977 3210 fisos
997 3150 1083 3226 loco,
1111 3153 1183 3234 quia

138 3261 233 3319 vastis
253 3261 368 3318 circum
390 3257 515 3318 saltibus
536 3257 746 3321 claudebatur.
790 3258 872 3318 Tum
898 3258 1052 3340 expeditae
1072 3259 1184 3320 cohor»

31 3355 35 3361 ⁴
137 3365 351 3450 taedaeque,
376 3387 468 3450 quam
490 3367 522 3426 iu
544 3375 665 3447 partem
684 3365 869 3427 ducerentur
884 3365 1025 3447 ignarae,
1047 3367 1107 3428 cito
1129 3387 1182 3450 ag·

137 3478 222 3536 mine
241 3475 411 3558 rapiuntur.
453 3471 614 3556 Simulque
633 3483 757 3555 coeptus
778 3473 858 3548 dies,
895 3485 925 3534 et
953 3483 1104 3535 concentu
1131 3485 1182 3536 tu·

59 3594 117 3654 50
142 3585 253 3646 barum
276 3606 310 3646 ac
331 3585 409 3644 truci
436 3583 571 3644 clamore
593 3580 721 3642 ederant
736 3583 944 3644 ‘semisomnos
967 3581 999 3641 in
1021 3581 1181 3682 barbaros,
1282 3627 1285 3638 .

138 3691 326 3774 praepeditis
347 3689 551 3752 Numidarum
576 3691 681 3773 equis,
713 3700 766 3750 aut
796 3689 935 3752 diversos.
951 3703 1055 3774 pastus
1075 3714 1182 3780 perer·

122 3799 288 3890 ,rantibus
331 3799 381 3861 Ab
404 3799 549 3860 Romanis
566 3797 720 3860 confertus
738 3797 851 3880 pedes,
874 3797 1037 3881 dispositae
1049 3812 1178 3875 turmae,

134 3919 248 3972 cuncta
275 3907 393 3994 praelio
421 3909 563 3992 provisa:
598 3906 735 3968 hostibus
763 3917 872 3968 contra
898 3907 1038 3970 omnium
1072 3909 1180 3970 nesciis

721 4041 722 4044 ¹
868 4019 907 4083 13
