2826 4730
443 333 516 398 ΗΒ.
541 335 592 398 tn.
639 335 729 404 CAP.
748 337 818 404 49δ
833 335 902 404 53.’
1132 341 1189 406 159
1213 359 1218 366 ·

152 539 212 600 que
233 500 440 582 in'carecrcm
469 523 612 596 Priscus,
641 541 674 580 ac
702 523 802 580 statim
837 523 1033 582 exanimatus.
1076 517 1110 578 ld
1133 517 1189 578 Ti·
1201 527 1228 599 (a
1243 526 1339 597 Car.)

153 627 255 686 harius
269 625 373 688 'solitis
396 628 451 686 sibi
474 629 652 709 amhagibus
672 629 750 720 apud
772 639 911 688 senatum
935 629 1098 702 incusavit,
1122 647 1192 686 cum

152 733 313 796 extolleret
333 739 475 817 pietatem
497 740 633 818 qrramvis
653 738 787 798 modicas
802 719 946 820 principis
967 735 1090 795 iniurias
1113 737 1189 793 acri·

151 851 198 902 ter
224 843 460 922 ulciscentium,
482 845 703 925 deprecaretur
730 857 791 905 tam
824 842 999 926 praecipitis
1028 842 1191 903 verborum

118 945 283 1028 5poeuas,
304 951 441 1011 laudaret
462 952 608 1033 Lepidum
631 929 730 1035 uenire
752 952 919 1034 Agrippam
945 961 1095 1031 argueret.
1132 952 1192 1033 lgi-

151 1045 206 1117 tur
229 1057 341 1119 factum
365 1059 687 1136 senatusconsultum,
712 1081 751 1120 ne
772 1059 892 1146 decreta
913 1067 1034 1141 patrum
1055 1067 1125 1117 ante
1146 1057 1193 1117 dir
1246 1047 1256 1060 ⁸

153 1183 201 1223 ern
222 1165 371 1226 decimum
389 1167 428 1226 ad
452 1167 609 1228 aerarium
629 1143 830 1242 deferrentur,
855 1163 948 1248 idque
967 1168 1193 1248 vitaespatium

152 1271 305 1335 damnatis
329 1287 560 1357 prorogaretur.
603 1276 662 1336 Sed
682 1297 744 1335 non
768 1276 888 1335 senatui
917 1273 1039 1335 libertas
1060 1273 1098 1334 ad
1120 1296 1194 1358 pae-

95 1391 97 1409 ¹
152 1379 309 1473 nitendum
332 1393 418 1460 erat,
441 1365 539 1467 necue
550 1383 695 1446 Tiberius
717 1383 883 1444 interiectu
906 1384 1050 1466 temporis
1074 1383 1194 1466 mitiga·

103 1486 256 1556 robatur.
873 1500 875 1509 '

96 1578 151 1660 52
237 1597 332 1680 Gaius
352 1595 503 1678 Sulpicius
514 1599 659 1660 Decimus
682 1599 825 1663 Haterius
845 1596 981 1660 consules
1001 1601 1343 1682 sequuntur,(t·11·775.)

154 1705 332 1771 inturbidus
352 1707 482 1765 externis
504 1705 597 1766 rebus
619 1727 739 1782 annus,
760 1705 843 1768 dorni
872 1717 1008 1788 suspecta
1034 1699 1230 1772 severitatel²
1243 1695 1339 1769 c·²²·l

152 1813 320 1908 adpersum
349 1813 471 1884 luxum,
503 1816 556 1894 qui
587 1818 771 1876 immensum
801 1822 981 1898 proruperat
1005 1815 1044 1876 ad
1065 1827 1192 1892 cuncta,

154 1927 223 2008 quis
244 1925 370 2006 pecunia
392 1923 569 2007 prodigitur.
612 1924 673 1986 Sed
694 1924 753 1986 alia
774 1937 950 2008 sumptuum
971 1923 1110 2006 quamvis
1123 1943 1195 2006 gra·

95 2022 134 2084 15
156 2031 243 2091 viora
264 2027 651 2112 dissimulatisplerumque
670 2034 776 2114 pretiis
795 2031 1047 2112 occultabantur3
1080 2031 1196 2092 ventris

149 2149 185 2202 et
205 2160 319 2220 ganeae
342 2150 464 2220 papatus
483 2138 610 2200 assiduis
633 2139 822 2206 sermonibus
843 2137 956 2222 vulgati
984 2141 1118 2202 fecerant
1140 2161 1196 2200 cu·
1264 2135 1267 2144 '

153 2269 246 2323 ram,
267 2266 306 2308 ne
326 2251 469 2330 princeps
490 2248 633 2329 antiquae
654 2247 863 2330 parcimoniae
884 2246 990 2314 durius
1004 2245 1192 2308 adverteret.

152 2356 234 2425 -Nam
252 2357 414 2438 incipiente
432 2358 508 2418 Gaio
531 2355 639 2418 Bibulo
667 2360 761 2420 ceteri
781 2377 902 2440 quoque
934 2356 1042 2418 aediles
1064 2354 1195 2416 disseru·
1281 2412 1284 2428 ,

156 2475 245 2524 erant
289 2469 388 2548 sperni
427 2469 646 2548 sumptuariam
681 2465 796 2548 legem,
835 2466 990 2548 vetitaque
1018 2463 1194 2526 utensilium

98 2599 137 2640 20
155 2571 261 2652 pretia
281 2575 386 2656 augeri
407 2575 439 2634 in
461 2574 542 2647 dies,
568 2595 624 2632 nec
636 2550 841 2634 mediocribus
854 2572 997 2636 remediis
1018 2573 1079 2632 sisti
1101 2592 1196 2651 posse.

156 2677 199 2738 Et
219 2679 348 2740 consulti
369 2691 470 2760 patres
490 2682 640 2760 integrum
664 2679 693 2738 id
709 2680 872 2760 negotium
893 2677 931 2738 ad
947 2678 1119 2760 principem
1135 2679 1195 2740 dis·
1282 2665 1287 2672 .

156 2781 303 2852 tulerant.
344 2787 404 2848 Sed
422 2788 563 2848 Tiberius
593 2807 682 2867 saepe
703 2785 783 2868 apud
814 2807 845 2846 se
873 2785 1045 2869 pensitato,
1073 2807 1113 2845 an
1146 2785 1207 2847 co-'

157 2895 257 2954 arceri
297 2903 361 2956 tam
383 2896 525 2976 profusae
548 2893 727 2974 cupidines-
744 2901 883 2974 possent,
928 2912 1002 2952 num
1052 2893 1197 2954 coercitio

156 3000 228 3082 plus
260 3003 363 3062 damni
396 3001 428 3060 in
458 3022 523 3060 rem
562 2984 715 3082 publicam
750 3002 862 3073 ferret,
895 3017 989 3080 quam
1016 2998 1196 3060 indecorum

8 3101 9 3124 ¹
101 3103 140 3165 25
155 3117 319 3168 attrectare
340 3107 424 3190 quod
451 3130 514 3168 non
545 3108 712 3182 obtineret,
743 3105 792 3165 vel
823 3113 975 3198 retentum
1000 3107 1195 3188 ignominiam

158 3225 190 3278 et
210 3215 365 3276 infamiam
388 3217 526 3302 virorum
546 3215 712 3276 illustrium
732 3223 882 3296 posceret,
902 3225 1056 3294 postremo
1079 3213 1195 3282 litteras

159 3322 200 3382 ad
226 3335 363 3384 senatum
378 3324 569 3404 composuit,
593 3345 720 3404 quarum
735 3317 892 3385 'sententia
916 3324 946 3384 in
969 3321 1053 3393 hunc
1072 3323 1198 3384 modum

102 3415 231 3514 53fuit.
255 3433 422 3524 ⁸„Ceteris
439 3415 560 3494 forsitan
586 3419 752 3512 iambus,
777 3444 875 3518 patres
897 3433 1080 3538 conscripti,
1102 3433 1197 3517 magis

168 3635 445 3654 m

248 3805 272 3856 7.
291 3787 423 3841 decimum
442 3791 470 3841 in
487 3791 580 3844 codice
599 3793 728 3844 omissum
747 3789 825 3844 dedit
843 3791 963 3861 Lipsius.

233 3899 271 3935 11.
288 3885 391 3936 Harius
408 3885 444 3936 M.
478 3872 479 3876 Ἰ
955 3950 958 3957 Δ

230 3989 272 4028 ao.
294 3975 409 4029 remedii
426 3979 475 4030 isti
492 3977 535 4029 M:
556 3978 684 4031 remediis
701 3979 761 4032 sisti
778 3979 903 4036 Pichana.
965 3997 967 4002 ’
1056 3963 1059 3970 l
1078 3985 1080 3992 ’
