2826 4730
229 305 305 391 140Γ
652 302 866 368 aruinum

56 536 58 548 ,
76 503 104 576 (a
118 501 210 576 000.)
223 487 366 570 perculsis
382 487 522 549 Numidis
544 498 573 548 et
591 488 706 548 obsidia
732 491 963 569 aspernantibus
981 492 1096 571 spargit
1122 487 1256 567 beilum,

221 595 275 656 ubi
308 599 473 656 instaretur
514 595 645 676 cedens,
670 617 704 654 ac
725 618 846 662 rursum
873 599 902 664 in
926 607 1013 682 terga
1038 619 1180 657 remeans.
1216 599 1256 657 Et

220 706 294 766 dnm
323 727 358 765 ea
383 710 464 766 ratio
483 706 615 766 barbaro
635 707 710 780 fuit,
740 704 861 764 irritum
890 705 1059 789 fessumque
1084 708 1255 766 Romanum

220 810 344 890 impune
360 811 588 871 ludificabatur:
612 821 770 891 postquam
790 810 910 869 deflexit
926 808 963 872 ad
979 815 1144 874 maritimos
1166 815 1255 888 locos,

221 917 353 1000 illigatus
375 920 488 1000 prueda
524 921 638 988 stativis
666 920 772 979 castris
803 917 1012 998 adhaerebat,
1043 925 1133 981 missu
1163 912 1291 1004 patris5

200 1007 377 1104 ‘Apronius
396 1027 561 1088 Caesianus
591 1047 660 1087 cnm
691 1029 792 1106 equite
822 1038 852 1087 et
877 1027 1052 1088 cohortibus
1080 1029 1255 1107 auxiliariis,

220 1135 298 1214 quis·
310 1132 512 1196 velocissimos
527 1135 681 1218 legionum
699 1137 873 1213 addiderat,
898 1156 1074 1216 prosperam
1093 1135 1255 1196 adversum

220 1239 367 1302 Numidas
387 1265 519 1325 pugnam
539 1244 635 1322 facit,
658 1244 805 1326 pellitque
823 1247 854 1302 iu
870 1219 991 1305 deserta

302 1351 341 1408 At
354 1351 469 1411 Romae
486 1351 613 1433 Lepida,
636 1355 684 1412 cui
699 1373 789 1434 super
807 1350 1009 1412 Aemiliorum
1028 1352 1124 1412 decus
1144 1333 1309 1414 Lucium
1341 1381 1344 1394 i

144 1498 147 1502 -
219 1454 304 1517 Sulla
326 1465 357 1516 et
379 1459 500 1520 Gnaeus
520 1459 682 1539 Pompeius
701 1463 809 1542 proavi
833 1472 941 1538 erant,
964 1459 1101 1524 defertur
1131 1457 1257 1520 simula.
1278 1471 1309 1510 ¹0

220 1566 299 1626 visse
325 1576 450 1646 partum
472 1589 505 1628 ex
525 1566 637 1628 Publio
660 1541 802 1646 Quirinio
827 1569 920 1628 divite
941 1579 1032 1649 atque
1047 1567 1136 1628 orbo.
1193 1569 1258 1628 Ad·

150 1736 155 1752 ,
220 1674 400 1734 iicicbantur
419 1675 566 1737 adulteria
586 1699 719 1754 venene,
755 1680 984 1759 quaesitumque
1008 1697 1062 1757 per
1090 1674 1258 1735 Chaldaeos

219 1780 252 1839 in
273 1779 399 1850 domum
420 1784 574 1863 Caesaris,
601 1785 783 1846 defendente
812 1807 894 1845 ream
923 1784 1028 1844 Manio
1050 1784 1166 1864 Lepido
1195 1785 1258 1843 fra-

219 1897 276 1952 tre.
319 1889 478 1966 Quirinius
507 1903 577 1973 post
598 1871 725 1954 vdictum
764 1875 926 1973 repudium
959 1891 1060 1951 adhue
1102 1891 1255 1962 infensus,
1312 1887 1319 1892 ’

220 1999 358 2080 quamvis
379 1997 538 2057 infamiae
562 2002 682 2058 nocenti
701 2002 927 2059 miserationem
948 1999 1120 2058 addiderat.
1165 1997 1256 2059 Haud
1279 1990 1311 2051 15

220 2097 308 2162 facile
329 2103 395 2184 quis
418 2104 579 2186 dispexerit
600 2106 651 2166 illa
683 2107 712 2188 iu
741 2105 911 2187 cognitione
932 2118 1065 2167 mentem
1095 2107 1257 2189 principis:

221 2208 302 2269 adeo
321 2211 413 2270 vertit
433 2233 467 2272 ac
488 2211 609 2272 miscuit
629 2215 691 2272 irae
713 2225 742 2273 et
763 2213 940 2276 clementiae
965 2216 1056 2297 signa.
1103 2214 1257 2294 Depreca-

220 2319 386 2397 tus·¹primo
415 2329 572 2397 senatum,
605 2341 645 2379 ne
674 2322 836 2382 maiestatis
868 2323 995 2382 crimina
1026 2331 1255 2391 tractarentur,

221 2443 290 2484 mox
321 2427 458 2486 Marcum
493 2427 656 2488 Servilium
693 2449 709 2488 e
751 2429 959 2490 consularibus
997 2428 1132 2509 aliosque
1167 2437 1259 2487 testes

221 2527 315 2592 illexit
345 2533 384 2594 ad
406 2529 590 2616 proferenda
610 2555 689 2616 quae
705 2536 792 2621 'velut
812 2539 935 2597 reticere
964 2536 1113 2596 voluerat.
1156 2511 1259 2593 Ideni.
1277 2551 1312 2588 ac

182 2645 184 2650 ’
219 2657 282 2718 que
314 2659 418 2699 servos
447 2639 602 2722 Lepidae,
631 2661 701 2702 cnm
731 2641 852 2702 militari
889 2641 1025 2702 custodia
1054 2620 1257 2720 haberentur,

222 2747 379 2807 transtulit
398 2749 438 2808 ad
458 2748 609 2828 consules,
632 2771 732 2832 neque
746 2772 799 2832 per
820 2761 972 2810 tormenta
987 2751 1167 2831 interrogari
1189 2773 1259 2832 pas-

220 2874 273 2915 sus
296 2864 343 2916 est
364 2855 401 2915 de
426 2856 479 2933 iis,
503 2878 581 2938 quae
602 2857 639 2916 ad
662 2859 788 2926 domum
816 2875 902 2917 suam
933 2858 1132 2939 pertinerent.
1176 2858 1257 2918 Exe-

222 2963 280 3020 mit
302 2963 390 3020 etiam
415 2962 548 3022 Drusum
578 2961 731 3024 consulem
758 2965 951 3045 designatum
983 2963 1130 3024 dicendae
1159 2969 1258 3045 primo
1298 2989 1303 2996 ·

194 3113 196 3115 -
222 3066 290 3128 loco
308 3068 485 3144 sententiae,
504 3055 587 3149 quod
608 3068 659 3128 alii
679 3057 767 3128 civile
789 3069 945 3143 rebantur,
972 3091 1010 3129 ne
1032 3071 1139 3130 ceteris
1160 3092 1261 3130 assen-
1276 3063 1316 3138 25¹

222 3172 318 3232 tiendi
339 3175 497 3234 necessitas
523 3176 629 3249 fieret,
664 3175 790 3258 quidam
820 3175 857 3234 ad
887 3176 1042 3234 saevitiam
1072 3175 1257 3264 trahebant:

223 3258 422 3361 nequeenim
443 3305 598 3344 cessurum
618 3287 673 3344 nisi
702 3281 865 3345 damnandi
888 3279 995 3342 officio.
1038 3280 1151 3364 Lepida
1171 3281 1313 3372 ludo-Q

222 3387 432 3464 rumiliebus,
455 3395 506 3473 qui
528 3394 730 3474 cognitionem
750 3394 987 3464 intervenerant,
1011 3391 1163 3450 theatrum
1188 3411 1256 3454 cum

223 3491 312 3554 claris
331 3495 451 3557 seminis
471 3500 623 3580 ingressa,
655 3497 870 3559 lamentatione
904 3494 997 3559 flebili
1027 3495 1156 3558 maimes
1187 3517 1258 3556 suos

222 3643 496 3661 m...-—-

299 3754 337 3789 to.
355 3749 382 3788 et
399 3737 443 3787 M:
466 3753 499 3787 ac
519 3734 654 3786 editiones
673 3740 737 3783 ante
758 3730 963 3784 Belleriunam.

296 3847 333 3880 ta.
353 3828 549 3880 udiciebuntur
570 3827 629 3894 (M).

296 3940 337 3974 ac,
356 3927 459 3976 reicere
479 3926 521 3975 M:
540 3924 656 3974 reticere
678 3919 831 3972 beroaldus.
857 3943 860 3949 ·
