2900 4724
438 305 514 368 stu.
544 303 629 366 xm.
674 287 915 368 clau—51.
1073 339 1075 344 s
1126 303 1186 367 aas

170 486 299 565 dixisset,
311 487 564 594 praebuissetque·
575 487 729 546 materiem
751 466 1000 546 obtrectatoribus
1021 484 1191 565 arguendae

169 596 338 654 sententiae.
381 595 443 654 Cur
467 597 557 666 enim,
575 593 599 653 si
621 591 686 653 ¹rem
708 593 858 672 publicam
882 613 967 674 egere
991 591 1131 652 libertate
1147 612 1191 650 sc·

169 701 286 758 natoria
309 698 463 777 crederet,
484 713 545 762 tam
565 699 642 760 levia
664 697 909 770 consectaretur?
951 691 1033 775 Quin
1054 699 1092 763 de
1113 697 1192 768 bello

169 815 221 886 ant
244 825 338 886 pace,
359 807 397 868 de
415 807 611 889 vectigalibus
639 817 668 866 et
690 806 822 888 legibus,
845 805 1014 886 quibusque
1044 804 1110 864 aliis
1131 805 1194 891 Ro-

132 915 253 975 §mana
274 915 478 990 continentur,
500 915 639 975 suaderet
660 913 909 976 dissuaderetve?
930 913 1035 972 Licere
1048 912 1194 991 patribus,

170 1020 306 1099 quotiens
319 1021 364 1082 ius
376 1023 521 1084 dicendae
534 1023 703 1100 sententiae
713 1023 908 1105 accepissent,
929 1039 1007 1100 quae
1021 1018 1133 1080 vellent
1145 1039 1195 1080 ex·

169 1145 308 1206 promere
330 1129 567 1212 relationemque
588 1131 619 1190 in
638 1114 672 1192 ea
690 1129 850 1212 postulare.
872 1130 923 1190 -An
944 1127 1041 1188 solum
1058 1127 1196 1186 emenda·

169 1232 252 1290 tione
275 1233 418 1313 dignum,
440 1257 479 1294 ne
510 1235 663 1317 Syracusis
681 1235 850 1316 spectacula
874 1235 986 1316 largius
1010 1224 1197 1295 ederentur?

171 1337 278 1398 Cetera
296 1359 352 1420 per
379 1361 482 1400 omnes
504 1341 622 1422 imperii
642 1348 749 1422 partes
760 1343 886 1422 perinde
910 1344 1040 1420 egregia,
1062 1341 1198 1424 quamsi

115 1469 151 1510 ιο
170 1463 230 1502 non
261 1441 343 1503 Nero
366 1443 419 1504 sed
451 1445 586 1506 Thrasea
616 1449 751 1528 regimen
783 1463 891 1504 eurum
910 1453 1054 1506 teneret?
1082 1449 1198 1524 Quodsi

170 1569 285 1610 summe
306 1550 541 1612 dissimulatione
561 1555 858 1623 transmitterentur,
879 1545 995 1632 quanto
1017 1556 1110 1634 magis
1134 1556 1199 1612 ina·

170 1657 259 1718 nibus
282 1658 519 1718 abstinendum?
538 1660 675 1720 Thrasea
693 1671 812 1740 contra,
834 1637 981 1718 rationem
1006 1659 1200 1739 poscentibus

171 1765 292 1842 amicis,
323 1785 385 1826 non
419 1767 620 1846 praesentium
653 1769 791 1846 ignarum
820 1765 1022 1847 respondebat
1055 1765 1201 1825 eiusmodi

172 1868 311 1928 consulta
333 1871 496 1950 corrigere,
520 1872 573 1932 sed
597 1871 858 1951 petrumnhonori
891 1870 983 1949 dare,
1018 1881 1052 1930 ut
1076 1871 1173 1930 manis
1187 1903 1202 1918 -
1271 1880 1273 1889 ’

117 1983 153 2040 15
170 1986 251 2036 stum
268 1975 353 2035 lieret
380 1996 563 2058 magnarum·
589 1981 704 2038 rerum?
715 1994 826 2039 curam*
843 1989 918 2038 non'
940 1977 1199 2057 dissimulaturos,

172 2085 224 2164 qui
245 2086 377 2144 animum
399 2086 488 2152 etiam
510 2087 666 2148 levissimis
685 2087 891 2151 adverterent.

113 2193 170 2273 50
252 2191 368 2250 Eodem
392 2211 473 2252 anno
496 2193 606 2254 crebris
640 2193 745 2275 populi
770 2193 1021 2275 flagitationibus,
1055 2191 1201 2252 immode-

168 2297 257 2354 stiam
277 2294 513 2375 publicanorum
532 2299 706 2378 arguentis,
743 2297 892 2359 dubitavit
922 2297 1002 2358 Nero
1031 2319 1069 2357 an
1093 2308 1201 2358 cuncta
1228 2341 1231 2349 .

170 2401 328 2484 uectigalia
348 2402 447 2462 omitti
471 2403 609 2481 iuberet,
633 2405 725 2485 idque
746 2405 986 2485 pulcherrimum
1013 2404 1126 2465 donum
1150 2425 1202 2486 ge-
1241 2429 1243 2432 ·

114 2529 153 2569 ao
173 2511 237 2568 neri
259 2510 429 2570 mortalium
453 2510 550 2570 daret.
593 2511 654 2571 Sed
676 2515 821 2592 impetum
846 2515 931 2590 eius,
961 2511 1090 2572 multum
1119 2515 1201 2592 prins

172 2616 292 2676 laudata
313 2615 521 2698 magnitudine
542 2617 652 2693 animi,
688 2620 838 2678 attinuere
865 2627 1039 2691 senatores,
1072 2618 1201 2678 dissolu-

173 2725 287 2782 tionem
317 2722 434 2802 imperii
463 2721 620 2798 docendo,
653 2724 679 2782 si
701 2721 836 2800 fructus,
867 2723 979 2804 quibus
1005 2745 1055 2784 res
1081 2725 1201 2803 publica
1256 2765 1265 2772 -

174 2833 371 2890 sustineretur
403 2817 667 2895 deminuerentur.
711 2828 832 2912 Quippe
850 2831 974 2891 sublatis
994 2832 1135 2913 portoriis
1155 2853 1203 2890 se-

174 2947 278 3018 queus,
309 2949 342 3002 ut
375 2938 559 3014 tributorum
582 2936 707 2996 abolitio
740 2919 987 3017 expostulaietur.
1036 2939 1201 3018 Pleraeque
1229 2935 1230 2938 ¹

114 3063 156 3126 25
175 3043 366 3125 vectigalium
385 3047 538 3104 societates
561 3067 579 3102 a
600 3044 772 3104 consulibus
786 3057 816 3104 et
830 3047 959 3105 tribunis
971 3045 1066 3126 plebis
1087 3047 1201 3106 consti·
1291 3041 1293 3046 ¹

173 3161 274 3225 tutas,
298 3153 358 3209 acri
391 3151 481 3208 etiam
504 3149 609 3230 populi
642 3151 774 3210 Romani
803 3145 868 3211 tuin
898 3153 1054 3228 libertate3
1084 3153 1200 3234 reliqua

174 3277 245 3316 mox
264 3258 307 3345 ita
328 3257 467 3336 provisa,
489 3267 524 3315 ut
546 3259 622 3315 ratio
646 3269 826 3337 quaestuum
848 3271 877 3318 ct
894 3262 1048 3320 necessitas
1070 3270 1201 3344 erogati.
1269 3239 1275 3252 i

176 3383 269 3422 ouum
298 3365 379 3424 inter
399 3385 431 3422 se
454 3374 672 3442 congruerent.
714 3364 939 3445 Temperandas
959 3367 1049 3447 plane
1069 3369 1203 3447 publica.

176 3491 287 3531 norum
307 3471 489 3552 simidiues,
511 3491 549 3530 ne
567 3492 626 3549 per
643 3481 692 3530 tot
713 3494 806 3532 annos
833 3477 898 3533 sine
922 3474 1048 3554 querela
1072 3474 1202 3537 tolerata

84 3653 91 3670 ·
119 3577 264 3658 51novis
304 3577 516 3638 acerbitatibus
549 3576 588 3638 ad
615 3563 758 3638 iuvidiam
788 3589 946 3642 verterent.
998 3582 1079 3662 Ergo
1112 3583 1201 3644 edixit
1287 3599 1291 3602 '

264 3807 286 3857 5.
306 3803 419 3884 strodere
436 3805 629 3863 dissuaderent
650 3809 733 3860 licere
754 3809 834 3871 GM³3
856 3811 971 3860 correxit
990 3812 1149 3877 Lipsius·¹
1234 3823 1236 3826 '
1291 3789 1293 3796 ,

247 3900 288 3952 ²8.
306 3887 455 3968 congruere
474 3903 530 3964 sn,
548 3911 578 3954 nt
596 3901 791 3970 superfundere,
810 3903 879 3954 idem
900 3923 920 3956 c.
943 3907 984 3954 55:
1002 3914 1067 3971 extr.

910 4019 939 4088 4
999 4002 1039 4066 24
