2900 4724
244 326 248 342 „
341 319 343 324 -
431 268 529 350 ‘nm
552 287 635 348 xrn.
680 245 914 355 esau-17.
1133 247 1236 354 ,34⁷³

73 525 79 545 ,
182 473 271 546 nico,
293 471 363 552 quia
384 470 469 550 cibus
490 481 638 553 potusque
657 469 719 530 eius
740 461 872 530 delectus
903 489 937 530 ex
968 469 1096 528 ministri
1118 459 1247 549 gustu(l
1262 458 1353 528 crib)

182 577 401 656 explorabatur,
424 597 463 636 ne
482 575 669 636 omitteretur
687 577 857 636 institutum
878 584 931 637 eut
945 577 1101 654 utriusque
1123 595 1207 636 naor·

181 693 211 742 te
231 684 414 764 proderetur
432 681 538 759 scelus,
562 681 630 742 talis
653 681 739 742 dolus
760 689 893 762 repertus
914 691 967 742 est.
1006 681 1135 742 ‘lunaria
1159 681 1212 740 arl-

178 789 246 862 buc
268 811 302 850 ac
325 789 496 870 praecalida
518 798 549 848 et
569 785 661 848 libata
675 799 768 868 ¹gustu
791 787 875 868 potio
895 787 1025 848 traditur
1056 788 1210 848 Britanni·

137 901 165 960 ¹5
181 917 238 974 co;
259 896 351 972 dein,
374 909 529 980 postquam
551 897 673 959 fervore
694 895 926 976 aspernabatur,
948 895 1058 978 frigida
1081 899 1110 956 in
1132 919 1212 978 aqua

154 1000 346 1066 'affunditur
366 1027 539 1084 venenum,
560 1005 643 1087 quod
664 1007 706 1066 ita
727 1015 851 1066 cunctos
873 1003 936 1064 eius
959 1015 1043 1064 artus
1064 1008 1209 1086 pervasit,
1358 1080 1359 1088 ἵ

172 1123 214 1172 ut
235 1134 290 1193 vax
312 1115 424 1194 pariter
443 1125 473 1174 et
493 1116 614 1194 spiritns
644 1123 833 1194 raperentur.
883 1111 1066 1192 Trepidatnr
1099 1133 1114 1170 a
1147 1115 1208 1182 cir-

180 1220 439 1294 cumsedeutibus,
465 1219 624 1302 diffugiunt
655 1221 867 1301 imprudentes.
909 1217 953 1278 At
979 1219 1087 1300 quibus
1116 1218 1211 1282 altior
1251 1231 1265 1301 ἦ

182 1325 365 1401 intellectus,
394 1325 537 1386 resistunt
566 1327 652 1386 defixi
685 1337 715 1386 et
744 1327 897 1386 Neronem
927 1325 1087 1390 intuentes.
1133 1327 1212 1402 tlte,

13 1426 20 1440 ,
124 1458 162 1500 ro
182 1446 215 1493 ut
239 1416 303 1494 erat
324 1433 444 1497 reclinis
466 1443 497 1494 et
517 1435 617 1520 nescio
639 1432 762 1504 similis,
783 1431 908 1493 solitum
929 1430 970 1490 ita
1001 1431 1064 1498 ait.
1085 1453 1138 1514 per
1156 1457 1210 1496 co·
1253 1425 1265 1500 Ῐ,

180 1542 321 1602 mitialem
344 1542 504 1618 morbum,
536 1561 597 1623 qno
630 1528 760 1622 primum
790 1538 829 1600 ab
860 1537 1209 1613 infantiastfflietarctur
1259 1548 1270 1624 ᾗ

179 1651 391 1728 Britannicus,
423 1661 452 1710 et
492 1647 809 1728 rediturospaulatim
836 1647 918 1708 visus
951 1666 1121 1733 sensusque.
1141 1679 1147 1704 z
1164 1647 1210 1704 Aa
1237 1671 1242 1686 1
1265 1631 1276 1722 ζ

168 1759 357 1838 ·Agrippinae
379 1757 401 1815 is
421 1777 533 1836 pavor,
557 1777 592 1815 ea
611 1755 815 1816 consternatio
835 1756 955 1828 mentis,
980 1755 1117 1834 quamvis
1136 1753 1207 1813 vul·
1267 1737 1271 1776 '³

178 1872 210 1919 tu
234 1875 441 1939 premeretur,
467 1863 611 1935 emicuit,
638 1873 671 1921 ut
692 1861 817 1943 perinde
837 1861 972 1941 ignaram
994 1859 1084 1919 fuisse
1116 1869 1210 1942 atque

122 1966 159 2026 15
181 1971 342 2036 Octaviam
361 1991 493 2032 sororem
521 1971 687 2032 Britannici
715 1971 906 2052 constiteritr
937 1969 1050 2048 quippe
1078 1968 1131 2026 sibi
1154 1991 1208 2028 su·-
1267 1987 1272 2010 ¹=

178 2099 311 2157 premunt
332 2054 475 2140 auxilium
497 2089 639 2160 ereptum
660 2090 690 2138 et
709 2077 866 2160 parricidii
897 2075 1065 2156 exemplum
1087 2069 1208 2134 intelle·

178 2185 274 2264 gebat.
316 2186 443 2244 Octavia
464 2205 592 2264 qnoque,
614 2187 750 2264 quamvis
779 2183 906 2244 rudibus
925 2185 1043 2260 antris,
1065 2183 1206 2244 dolorem

120 2277 343 2366 macritatem,
367 2292 465 2350 omnis
496 2264 619 2350 allectus
633 2281 817 2352 abscondere
846 2290 1001 2355 didicerat.
1059 2292 1103 2350 lta
1135 2299 1206 2372 post

174 2396 270 2454 lrreve
292 2396 442 2460 silentium
463 2398 592 2478 repetita
610 2398 742 2458 convivii
764 2397 889 2458 laetitia.
929 2397 994 2458 Nor
1019 2397 1123 2458 eadem
1150 2422 1206 2458 nc·

115 2539 155 2577 ,υ
177 2525 240 2562 cern
262 2505 425 2564 Britannici
447 2516 477 2564 et
498 2524 606 2588 rogum
630 2506 803 2576 coniunxit,
838 2507 961 2586 proviso
986 2517 1055 2564 ante
1084 2507 1205 2567 funebri

174 2619 302 2690 paratu,
324 2613 375 2690 qui
400 2611 533 2702 modicus
554 2610 619 2672 fuit.
660 2612 693 2680 ln
716 2631 823 2690 campo
847 2621 946 2672 tamen
965 2613 1070 2672 Martis
1101 2617 1201 2694 sepul·

173 2727 221 2778 tus
249 2727 313 2787 cst,
341 2717 420 2777 vadeo
450 2715 581 2776 turbidis
610 2715 782 2790 imbribus,
812 2727 847 2776 ut
873 2716 992 2802 vulgus*
1010 2719 1084 2778 iram
1111 2723 1203 2782 decem
1257 2696 1262 2714 l

175 2826 312 2904 portendi
336 2825 499 2886 crediderit
519 2825 662 2884 adversus
692 2823 825 2902 facinus,
859 2827 908 2886 cui
940 2826 1076 2908 plerique
1111 2832 1202 2888 etiam

174 2933 331 2992 hominum
352 2933 567 3014 ignoscebant,
588 2913 877 3012 antiques'fratrum
907 2935 1068 2996 discordias
1096 2947 1126 2996 et
1153 2934 1201 2995 in'-

115 3051 156 3111 25
174 3041 315 3102 sociabile
349 3061 475 3121 regnum
507 3043 708 3106 aestimantes.
761 3039 899 3102 Tradunt
930 3041 1066 3123 plerique
1097 3065 1202 3104 eorum

173 3159 339 3229 temporum
356 3151 523 3224 ‘scriptores
547 3149 663 3207 crebris
691 3158 760 3208 ante
792 3151 917 3224 exitium
942 3149 1047 3210 diebus
1065 3147 1201 3212 'illusura

174 3257 231 3315 isse
252 3256 399 3336 pueritiae
420 3255 589 3314 britannici
607 3254 784 3332 Neronem,
805 3267 840 3316 ut
860 3257 921 3315 iam
945 3279 1006 3316 non
1026 3269 1201 3338 praernatn-

96 3325 143 3434 'a
174 3385 208 3424 ra
231 3385 327 3444 neque
347 3385 435 3424 saeva
457 3382 539 3422 mors
569 3363 666 3422 videri
693 3373 805 3445 queat,
838 3367 977 3446 quamvis
1006 3367 1086 3423 inter
1120 3387 1202 3426 sacra

175 3461 313 3544 mensae,
331 3451 373 3529 ¹ne
394 3480 528 3550 tempore
548 3461 671 3551 quidem
693 3468 732 3530 ad
750 3471 938 3554 complexum
959 3489 1096 3534 sororum
1119 3472 1200 3549 dato,

249 3725 286 3790 iq.
307 3737 389 3796 atquc
407 3743 457 3776 om.
478 3726 539 3789 Me,
560 3727 637 3780 dedit
654 3728 784 3790 Faernus,
806 3737 833 3780 et
850 3728 920 3780 inest
938 3729 967 3778 in
985 3729 1055 3781 libro
1076 3715 1199 3782 Harlesii.

175 3835 208 3868 ss
230 3833 349 3868 sororem
366 3817 412 3869 Br.
433 3823 571 3873 Octaviam
598 3838 647 3874 suo
667 3823 770 3874 iudicio
790 3824 898 3892 scripsit
915 3822 1082 3878 tensanus*

246 3911 286 3964 25.
306 3913 472 3970 extimantes,
485 3915 535 3968 ttr.
554 3916 619 3968 Mox
636 3917 688 3969 isse
707 3915 828 3986 Lipsius:
847 3933 904 3975 esse
922 3917 1036 3971 codices.
