2862 4726
236 347 295 412 tlt
644 329 873 398 ANNALlUM'

85 534 109 603 (a
127 535 155 591 C.
168 534 335 606 obl-certos
356 523 528 584 obsessores
549 522 706 602 effecerat,
728 487 800 585 oiim
813 521 943 583 Sabinus
963 518 1128 581 circumire
1150 513 1277 592 bortari,

238 653 277 699 ne
299 630 337 690 ad
358 630 499 710 ambigua
518 633 634 691 sonitus
654 642 707 690 aut
728 632 951 692 simulationem
972 629 1084 709 quietis
1105 646 1211 714 pesum
1227 627 1278 684 in-

237 713 420 800 sidiantibus
451 741 625 822 aperirent,
653 739 705 800 sed
728 761 782 800 sua
808 739 938 820 quisque
967 736 1072 796 munia
1103 745 1280 808 servarent,

238 849 355 909 immoti
378 849 590 929 telisquesnon
609 851 641 908 in
667 848 776 908 salsum
796 849 893 911 iactis.
923 835 1057 906 ¹Interea
1085 841 1208 903 barbari
1228 838 1336 918 cet-51

227 959 330 1019 ¹terris
347 935 544 1017 decurrentes
569 977 652 1016 nuuc
673 957 703 1016 in
728 954 841 1016 vallum
866 953 1018 1016 manualia
1046 973 1140 1028 saxa,
1171 971 1280 1032 praeu·
1305 939 1325 1002 5

239 1076 299 1126 stas
320 1063 428 1135 sudes,
452 1063 550 1124 decisa
574 1067 686 1125 robora
708 1066 830 1136 iacere,
851 1085 932 1124 nunc
964 1061 1117 1144 virgultisv
1135 1069 1167 1119 et
1189 1061 1283 1119 crati-

239 1172 297 1233 bus
317 1181 346 1230 et
366 1171 547 1253 corporibus
579 1173 722 1231 exanimis
760 1172 913 1252 complere
935 1151 1045 1244 fossas}
1068 1167 1193 1249 quidam
1215 1188 1289 1248 pon·

240 1288 286 1340 tes
307 1277 450 1352 et'scalas
479 1287 550 1340 aute
581 1280 732 1340 fabricati
756 1279 870 1340 inferre
904 1274 1159 1365 propugnaculis,
1189 1295 1284 1356 eaque

147 1451 172 1463 ,A
241 1407 386 1471 prensare
406 1387 573 1447 detrahere·
595 1397 627 1448 et
653 1389 798 1450 adversus
828 1385 1000 1450 ¹resistentis
1031 1383 1171 1444 cominus
1207 1381 1282 1466 niti:

240 1496 327 1558 miles
347 1507 453 1556 contra
475 1495 639 1558 deturbare
659 1494 750 1573 telis,
774 1497 884 1580 pellere
914 1493 1122 1568 umbonibus,
1152 1489 1282 1550 muralia
1309 1499 1345 1538 ¹⁰

241 1605 304 1688 pila
326 1613 482 1684 congestas
501 1602 635 1684 lapidum
662 1603 758 1664 moles
779 1601 971 1685 provolvere.
1017 1599 1073 1659 His
1094 1606 1199 1678 partae
1223 1597 1288 1656 vic-

243 1715 339 1778 toriae
361 1733 428 1793 spes
452 1686 537 1788 episi
558 1705 687 1787 cedant,
710 1711 882 1793 insignitius
906 1709 1083 1791 flagitium,
1106 1705 1167 1766 illis
1188 1715 1287 1764 extre·

243 1824 371 1904 maiam
392 1823 473 1882 salus
495 1833 528 1882 et
547 1799 720 1883 assistentes
754 1821 909 1902 plerisque
937 1807 1049 1880 matres
1084 1827 1113 1878 et
1142 1817 1286 1895 coniuges

245 1947 411 2007 carumque
430 1929 560 1988 lamenta
578 1927 696 2016 addunt
716 1908 849 2014 animos,
881 1927 952 2022 ,Nox
971 1925 1043 1986 aliis
1067 1927 1099 1984 iu
1129 1919 1286 1981 audaciam

246 2034 312 2096 aliis
334 2032 374 2094 ad
393 2034 589 2096 formidinem
610 2045 807 2116 opportuna3
829 2035 935 2094 incerti
957 2036 1053 2104 ictus,
1077 2029 1206 2090 vulnera
1231 2029 1283 2088 im·
1310 2022 1348 2084 15

247 2145 391 2226 provisa,
410 2139 534 2203 suoium
562 2155 653 2225 atque
674 2144 810 2203 hostium
832 2145 1001 2225 ignorati03
1031 2153 1061 2203 et
1095 2141 1208 2201 montis
1237 2161 1291 2200 an·

247 2251 346 2313 fractu
365 2273 560 2333 repercussae
578 2251 662 2341 velut
685 2275 701 2312 a
724 2265 810 2336 tergo
826 2233 913 2314 voces
934 2253 1012 2313 adeo
1036 2261 1146 2311 cuncta
1160 2221 1290 2307 niiscue-

248 2369 328 2437 rant,
348 2369 384 2418 ut
404 2359 552 2441 quaedam
572 2361 760 2422 munimenta
778 2362 908 2430 Romani
933 2363 1018 2444 quasi
1043 2366 1195 2442 perrupta
1214 2357 1291 2415 omi·

250 2465 355 2530 serint.
398 2465 501 2546 Neque
528 2476 628 2527 tamen
647 2489 809 2550 pervasere
833 2469 935 2530 hostes
951 2469 1008 2529 nisi
1030 2463 1198 2530 admodum
1213 2483 1290 2545 pau·

252 2573 300 2634 ci:
322 2583 436 2640 ceteros,
457 2573 557 2636 deleto
586 2579 809 2658 promptissimo
837 2597 957 2658 quoque
984 2583 1039 2634 aut
1064 2572 1167 2634 saucio
1198 2591 1291 2653 appe·
1309 2593 1347 2634 ao

245 2691 334 2756 ,tente
367 2682 429 2756 iam
464 2683 530 2744 luce
560 2696 678 2771 trusere
702 2689 733 2745 in
763 2707 881 2748 summa
911 2683 1037 2748 castelli.
1081 2682 1144 2744 Ubi
1167 2680 1293 2742 tandem

254 2789 359 2850 coacta
380 2790 517 2868 deditio,
537 2801 567 2852 et
592 2794 729 2872 proxima
751 2803 859 2873 sponte
876 2791 1049 2852 incolarum
1068 2773 1203 2870 recepta.
1232 2790 1294 2848 Re.

254 2898 369 2978 liquis,
390 2920 451 2978 quo
465 2899 563 2958 minus
586 2899 616 2956 vi
638 2908 691 2957 aut
713 2897 829 2958 obsidio
851 2898 1073 2981 subigerentur,
1096 2905 1295 2978 praematura

258 3008 368 3067 montis
390 3005 500 3064 Haemi
519 3016 549 3064 et
569 3027 658 3067 saeva
678 3005 776 3066 hiems
797 3005 950 3068 subvenit.

277 3127 281 3134 ’
340 3113 383 3171 At·
404 3113 518 3171 Romae
536 3123 687 3173 commota
702 3085 853 3195 principis
874 3113 983 3192 domo,
1006 3121 1042 3172 ut
1074 3111 1167 3172 series
1199 3103 1347 3186 futuriffl

258 3224 288 3283 iu
309 3220 510 3303 Agrippinam
531 3216 613 3282 esitii
640 3225 807 3304 inciperet,
839 3219 967 3306 Claudia
1003 3219 1141 3282 Pulchra
1171 3217 1293 3278 sobrina

260 3330 322 3399 cius
344 3325 541 3408 postulatur,
555 3338 717 3387 accusante
737 3326 874 3386 Domitio
895 3327 982 3386 Afro.
1009 3326 1038 3384 ls
1054 3345 1159 3384 recens
1173 3333 1297 3406 praetu-

260 3457 304 3510 ra,
327 3411 462 3494 modicus
484 3433 668 3518 dignationis
686 3443 716 3493 et
729 3455 852 3515 quoquo
878 3433 1016 3517 facinore
1033 3453 1183 3513 properus
1200 3431 1295 3491 clare·

261 3563 365 3616 scere,
387 3543 502 3605 crimen
523 3541 738 3622 impudicitiae,
760 3542 935 3602 adulterum
957 3540 1129 3618 Furnium,
1152 3538 1296 3601 veneficia

159 3644 164 3656 ’
262 3639 294 3711 in
316 3637 487 3732 principem
507 3649 731 3720 etldevotiones
755 3647 935 3712 obiectabat.
986 3649 1152 3732 Agrippina
1179 3665 1294 3727 semper
1311 3649 1346 3708 30

265 3771 368 3837 atrox,
393 3759 460 3819 tuni
480 3769 509 3817 et
529 3755 661 3842 periculo
683 3757 873 3838 propinquae
893 3777 1040 3841 accensa,
1063 3758 1162 3842 pergit
1182 3756 1221 3818 ad
1241 3753 1294 3815 Ti·
1408 3727 1409 3740 l

339 4003 380 4039 aa.
398 3985 522 4038 incorum
542 3986 586 4040 ll:
605 3984 760 4038 incolarum
779 3983 909 4038 Muretus.
