2900 4706
501 317 574 391 trs.
595 323 664 390 xv.
688 301 786 385 car!
807 325 898 433 ¹3²4·
1149 315 1211 388 417

184 487 316 590 ceperat.
359 485 572 588 videbarque,
595 516 701 568 contra
723 514 824 566 vetera
846 505 974 566 fratrum
994 503 1064 564 odia
1097 513 1126 562 et
1149 501 1251 565 cer-(⁸
1269 496 1363 567 c·⁶²·l

100 616 101 620 ’
185 614 316 688 tamine,
342 609 473 672 familiae
494 623 614 672 nostrae
633 619 752 692 penates
782 608 841 668 rite
871 609 1082 688 composuisse.
1135 612 1214 672 Pro-

185 717 292 779 hibent
317 717 465 795 Romani,
487 729 516 778 et
537 739 640 800 pacem
662 721 820 797 nunquam
843 715 914 796 ipsis
933 737 1076 798 prospere
1101 719 1217 780 lacessi·

180 839 247 886 tam
269 848 350 886 nunc
369 848 489 908 quoqne
510 828 541 886 in
562 826 686 888 exitium
708 843 797 886 suum
827 824 1021 905 abrumpunt,
1064 825 1132 884 Non
1164 820 1217 882 ibo

152 933 170 996 5
191 936 319 996 infitias:
344 939 495 1018 aequitate
513 940 604 1017 quam
634 935 799 1020 sangnine,
824 953 913 994 cansa
934 925 1025 1015 quam
1056 933 1146 992 armis
1167 952 1218 991 re·

183 1042 280 1103 tinere
303 1052 391 1122 parta
414 1043 579 1103 maioribus
598 1040 774 1102 malueram.
817 1040 851 1102 si
876 1035 1064 1102 cunctatione
1084 1037 1218 1118 deliqui,

125 1228 126 1231 Ἴ
183 1151 296 1208 uirtute
324 1152 483 1231 corrigam.
525 1150 637 1213 Vestra
658 1147 780 1230 quidem
801 1148 847 1208 vis
871 1159 900 1208 et
920 1147 1016 1230 gloria
1038 1148 1068 1207 in
1098 1147 1219 1227 integro

161 1259 247 1328 'est.,
271 1249 375 1314 'addita
396 1253 559 1315 modestiae
575 1255 667 1332 fama,
690 1275 768 1334 quae
782 1273 880 1334 neque
897 1253 1021 1314 summis
1045 1255 1220 1314 mortalium

190 1361 360 1440 spernenda
383 1371 507 1422 estete
528 1360 574 1424 dis
606 1357 812 1422 aestimatur.’'
852 1357 951 1418 Simul
982 1359 1151 1420 diademate
1170 1379 1221 1421 ea·
1271 1383 1275 1394 ⁴

137 1490 173 1532 ιο
190 1475 245 1546 put
267 1465 415 1529 Tiridatis
436 1467 572 1544 evinxit;
593 1476 769 1546 promptam
800 1464 935 1546 equitum
964 1485 1110 1540 manum,
1142 1486 1222 1546 quae

189 1591 292 1654 regem
312 1553 346 1636 ex
369 1594 452 1634 more
470 1582 626 1642 sectator,
645 1570 761 1632 Monesi
786 1569 880 1630 nobili
901 1569 969 1630 viro
995 1569 1145 1646 tradidit,
1167 1570 1223 1632 ad·
1314 1579 1317 1586 '

188 1677 272 1738 iactis
285 1677 512 1743 Adiabenorum
527 1677 663 1753 anxiliis3
682 1675 898 1757 mandavitque
910 1675 1062 1756 Tigranen
1078 1678 1224 1740 Armenia

189 1783 358 1860 exturbari,
384 1784 457 1847 dum
484 1789 547 1868 ipse
573 1784 680 1865 positis
715 1771 858 1844 aduersus
887 1781 1043 1866 Hyrcanos
1063 1783 1220 1843 discordiis

107 1925 109 1930 v
193 1891 276 1952 vires
297 1893 418 1954 intimas
439 1891 609 1973 molemque
631 1890 703 1952 belli
725 1890 801 1967 ciet,
823 1891 985 1973 provinciis
1004 1890 1147 1952 Romanis
1167 1893 1219 1952 mi·
1264 1963 1265 1968 ἵ

162 1985 297 2064 3nitans.
341 1997 427 2075 Quae
450 1999 503 2060 ubi
528 1995 694 2060 Corbuloni
725 1997 817 2058 certis
852 1997 970 2058 nuntiis
999 1997 1103 2058 audita
1133 2008 1223 2075 suut,

190 2099 325 2184 legiones
347 2103 421 2166 duas
433 2126 510 2168 tcum
532 2103 688 2166 Verulano
710 2105 823 2166 Severo
841 2113 872 2164 et
891 2103 996 2164 Vettio
1018 2104 1132 2166 Bolano
1152 2104 1226 2168 sub-

192 2209 303 2269 sidium
313 2210 439 2290 Tigrani
463 2209 564 2286 mittit,
586 2207 705 2270 occsrlto
727 2218 895 2289 praecepto,
912 2209 1103 2288 compositius
1118 2220 1228 2272 cuncta

192 2337 284 2398 quam
299 2317 487 2380 festinantius
502 2327 645 2400 agerent:
663 2318 774 2398 quippe
786 2313 1020 2378 bellumhahere
1034 2315 1124 2396 quain
1141 2336 1231 2399 gere*

193 2443 226 2482 re
244 2400 386 2482 malebat.
418 2421 654 2504 'scripseratque
669 2423 790 2483 Caesari
812 2422 936 2502 proprio
962 2420 1038 2481 duce
1060 2442 1133 2504 opus
1151 2446 1227 2505 esse,

137 2552 176 2592 nc
197 2529 249 2610 qni
259 2528 440 2590 Armeniam
449 2528 638 2590 defenderet:
651 2529 771 2588 Suriam
784 2525 943 2606 ingruente
951 2527 1100 2610 Vologese
1109 2532 1230 2590 acriore

195 2638 226 2694 in
241 2633 416 2696 discrimine
435 2655 509 2694 esse.
539 2633 640 2716 Atque
653 2637 775 2694 interim
796 2632 926 2714 reliquas
945 2633 1078 2715 legiones
1089 2655 1146 2715 pro
1162 2638 1230 2717 ripa
1321 2699 1323 2709 ¹

195 2729 365 2822 Euphratis
384 2741 473 2814 locat,
489 2739 720 2800 tumultuariam
739 2741 970 2820 provincialium
988 2759 1110 2828 manum
1122 2747 1229 2818 armat,

170 2842 320 2925 thostiles
339 2847 488 2928 ingressus
509 2845 667 2927 praesidiis
689 2845 859 2926 intercipit.
881 2847 921 2906 Et
941 2847 1011 2928 quia
1026 2867 1119 2929 egena
1136 2866 1232 2929 aqua·
1294 2925 1299 2934 ἱ

166 2938 167 2944 ¹
197 2975 267 3014 rum
292 2957 378 3036 regio
394 2962 440 3017 est
451 2963 462 3031 ‚'
482 2951 604 3014 castella
627 2952 760 3012 fontibus
788 2939 954 3034 impositor*
977 2953 1122 3034 quosdam
1150 2957 1233 3016 rivos
1299 2943 1308 2963 ⁸
1408 2951 1412 2961 ¹

141 3062 182 3126 25
202 3070 354 3142 congestu,
371 3079 483 3125 arenae
503 3058 633 3132 abdidit.
675 3058 720 3118 Ea
744 3057 817 3120 dum
848 3061 869 3120 a‘
895 3055 1068 3118 Corbulone
1103 3059 1235 3120 tuendae

95 3146 97 3150 Ι
198 3169 307 3229 Suriae
323 3178 481 3249 parantur,
502 3178 570 3227 acto
586 3167 696 3250 raptim
728 3168 846 3248 agmine
871 3167 1029 3246 Monaeses,
1056 3175 1091 3226 ut
1121 3166 1233 3227 famam

198 3277 246 3334 sui
269 3270 425 3356 praeiret,
448 3294 509 3333 non
536 3273 609 3334 ideo
631 3271 770 3333 nescium
804 3283 857 3332 ant
893 3273 1051 3334 incautum
1079 3272 1234 3353 Tigranen

200 3381 337 3449 offendit.
390 3383 604 3461 occupaverat
627 3380 905 3460 Tigranocertam,
925 3379 1032 3440 urbem
1066 3383 1153 3460 copia
1180 3379 1234 3440 de-

254 3543 275 3606 r'.
294 3555 447 3608 curamine
457 3553 609 3606 Rhenanus:
620 3561 721 3606 certam
732 3555 763 3604 in
769 3551 821 3612 M‘,
832 3549 879 3618 qui
890 3553 911 3602 3.
921 3549 1047 3601 absitium
1054 3566 1104 3620 pro
1113 3553 1236 3610 exitium.
1281 3548 1284 3553 ’

147 3641 151 3650 Χ
255 3662 281 3716 7.
299 3649 330 3699 in
346 3665 398 3699 om.
417 3648 467 3698 ΜΙ.
481 3647 553 3700 idem
576 3649 614 3700 13.
632 3648 746 3701 exturba
765 3663 813 3714 pro
834 3643 984 3696 exturbari.
1006 3669 1013 3686 .

242 3745 280 3796 ιδ.
298 3741 529 3812 conseminantius
544 3742 642 3794 omisso
660 3759 742 3811 qnam
759 3739 810 3794 Μ’.

240 3853 281 3904 ²7·
301 3846 443 3904 tygranem
464 3843 492 3886 et
519 3843 724 3902 tyronocaertcm
746 3833 799 3902 (sie
824 3833 915 3890 etiam,
934 3846 954 3880 c.
977 3831 1014 3900 5,)
1040 3832 1092 3884 Me,
1109 3829 1188 3883 ‘idern
1208 3848 1234 3902 p.

206 3930 275 3998 418,
289 3931 311 3997 4.
331 3925 552 3997 inieceruntque.
917 3931 919 3934 ’
1283 3913 1285 3918 ’

1034 4024 1072 4120 2³
