2900 4724
213 362 215 372 ¹
267 337 328 400 288
680 325 902 395 ANNALIUM

29 553 32 560 ·
76 541 82 550 ·
115 509 325 590 (tssmtssflnrs
347 513 514 584 austrudem
534 477 589 596 per
608 535 641 576 se
662 515 734 575 satis
756 531 774 566 v
799 531 817 567 s
840 513 1057 575 struerentur
1083 535 1154 574 sanc
1174 506 1308 576 vocabu-

264 626 296 687 lo
316 616 464 684 civitatis.
486 623 616 721 insignia
637 634 773 705 patrum,
793 622 905 683 decora
925 623 1158 704 magistratuum
1178 644 1216 683 ne
1238 623 1308 683 vul-

222 733 223 736 ’
263 745 380 816 garcot
439 731 494 794 His
523 743 615 814 atque
641 729 753 792 talibus
789 725 870 790 haud
901 741 1054 811 permotus
1088 733 1247 813 princeps,
1279 712 1366 800 ‹2th4

162 917 165 922 Δ
264 842 367 902 statim
399 849 503 902 contra
543 832 702 915 disseruit,
734 846 766 898 et
796 847 904 898 vocato
947 847 1085 900 senatu
1104 841 1148 898 ita
1186 859 1308 900 exorsus

264 957 320 1014 est.
366 947 525 1023 „Maiores
549 947 633 1026 mei,
656 966 790 1028 quorum
814 943 1055 1027 antiquisssirdus
1071 940 1200 1007 Clausus
1219 947 1306 1028 origi·
1327 942 1346 1005 5
1426 985 1427 1020 i

226 1093 228 1100 ·
265 1051 305 1118 ne
318 1055 430 1117 Sabina
452 1049 541 1118 simul
555 1037 751 1117 in'eivitatem
766 1058 933 1117 Romanam
956 1071 985 1116 et
1006 1057 1036 1116 in
1060 1053 1186 1116 familias
1208 1055 1305 1136 patri.

263 1165 381 1224 ciorum
401 1164 530 1226 adscitus
561 1175 617 1246 est,
648 1164 830 1243 hortantur,
861 1167 905 1226 uti
935 1164 1061 1246 paribus
1081 1159 1213 1225 consiliis
1242 1186 1310 1227 rem
1426 1145 1427 1186 l

264 1272 419 1354 publicam
441 1293 611 1354 capessam,
638 1271 851 1333 transferendo
873 1271 934 1332 buc
956 1272 1038 1354 quod
1061 1293 1186 1354 usquam
1220 1296 1311 1356 egre-

80 1381 88 1394 '
198 1429 202 1436 Ι
235 1383 348 1464 ,gium
370 1378 473 1449 suerit.
516 1381 623 1462 Neque
645 1384 726 1442 enim
750 1382 859 1464 ignoro
897 1379 990 1442 Iulios
1020 1377 1119 1452 Alba,
1152 1381 1308 1444 Cdrunca-

191 1501 193 1508 ’
265 1489 331 1550 nios
353 1484 513 1568 Camerio,
534 1487 662 1551 Porcios
687 1480 821 1550 Tusculo
840 1487 889 1566 et,*
917 1512 955 1552 ne
986 1489 1089 1551 vetera
1115 1499 1308 1574 scrutemur,
1333 1513 1380 1556 tos
1426 1565 1427 1578 χ

243 1597 391 1690 „Etruria
421 1598 617 1678 Lucaniaque
649 1587 690 1658 et
712 1597 797 1658 omni
825 1594 912 1663 ltalia
947 1603 978 1660 in
1007 1608 1147 1661 senatum
1176 1597 1308 1675 accitos;

258 1711 420 1786 postremo
440 1702 535 1786 ipsam
557 1705 596 1766 ad
616 1703 706 1787 Alpes
728 1685 917 1788 promotam,
939 1717 1055 1768 utnon
1083 1687 1179 1766 ,modo
1198 1701 1311 1784 singuli
1426 1693 1427 1710 ¹

229 1859 234 1863 <
263 1815 401 1888 viritim,
424 1808 477 1874 sed
500 1811 615 1889 terrae,
635 1823 741 1895 gentes
761 1813 790 1874 in
813 1835 923 1876 nomen
938 1825 1075 1875 nostrum
1090 1811 1306 1874 coalescerent.
1356 1883 1363 1911 ᾗ

123 1916 129 1924 “
171 1917 174 1927 '
265 1901 359 2006 Turio
380 1921 475 2005 solida
498 1917 580 1982 domi
603 1923 709 2004 quies,
743 1931 775 1982 ct
795 1922 939 1984 adversus
973 1932 1095 1984 externa
1125 1919 1307 1998 floruimus,

179 2109 181 2118 J
214 2048 217 2052 ·
265 2046 334 2090 eum
357 2028 568 2110 Transpadani
596 2031 628 2088 in
650 2027 806 2089 civitatem
827 2032 960 2110 recepti,
982 2015 1053 2089 cum
1074 2029 1174 2112 specie
1196 2026 1366 2092 deduc-15

266 2144 370 2194 tarum
399 2157 455 2217 per
477 2117 585 2197 orbein
618 2146 719 2196 terrae
749 2136 903 2220 legionum
934 2135 1046 2198 additis
1076 2135 1323 2218 provincialium!
1426 2159 1427 2232 q

264 2239 458 2332 validissimis
489 2241 565 2302 fesso
588 2242 714 2325 imperio
740 2245 927 2306 subventum
960 2255 1014 2306 est.
1065 2245 1148 2307 Num
1176 2247 1310 2326 paenitet

266 2347 379 2410 B'albos
401 2371 436 2412 ex
458 2351 603 2433 Hispania
623 2373 678 2412 nec
702 2353 804 2412 minus
825 2351 958 2436 insignes
976 2350 1062 2414 viros
1078 2374 1095 2414 e
1114 2353 1214 2414 Gallia
1233 2353 1309 2413 Nar·

266 2454 396 2518 boneusi
416 2459 612 2520 transivisse?
632 2461 761 2521 Manent
782 2463 890 2540 posteri
912 2481 1040 2538 eorum,
1063 2483 1119 2522 nec
1149 2483 1252 2522 amore
1276 2461 1309 2522 in

265 2563 346 2624 hane
367 2565 495 2648 patriam
518 2568 606 2630 nobis
629 2569 810 2630 concedunt.
841 2569 925 2655 Quid
947 2556 1032 2632 aliud
1052 2573 1141 2634 exitio
1153 2572 1307 2634 Lacedae
1328 2591 1364 2632 ao

265 2676 376 2736 moniis
393 2685 423 2737 et
444 2674 681 2738 Atheniensibus
709 2678 766 2738 fuit
777 2699 990 2762 ,quanquam
1013 2680 1107 2738 armis
1134 2679 1306 2764 pollerent,

264 2782 325 2844 nisi
354 2783 438 2866 quod
472 2787 569 2846 victos
576 2806 656 2868 pro
684 2785 858 2869 alienigenis
896 2786 1064 2850 arcebant?
1097 2789 1137 2848 At
1166 2787 1307 2848 conditor

265 2904 370 2956 noster
388 2889 539 2956 Romulus
559 2900 684 2954 'tantum
712 2895 861 2977 sapientia
894 2895 990 2956 valuit
1013 2905 1046 2956 ut
1076 2895 1237 2978 plerosque
1252 2917 1306 2978 po-
1323 2897 1336 2918 Ν

266 2999 355 3082 pulos
374 2999 481 3063 endem
517 3001 565 3061 die
585 2999 703 3092 hostes,
735 2981 808 3062 dein
839 3003 920 3063 cives
948 3001 1102 3066 habuerit.
1160 3003 1306 3066 Advenae

268 3106 300 3168 in
323 3129 377 3168 nos
394 3115 613 3192 regnaverunt.
658 3101 887 3172 Libertinorum
909 3112 977 3173 filiis
1007 3115 1198 3195 magistratus
1218 3102 1310 3171 man-¹
1323 3107 1359 3172 25

268 3211 335 3277 dari
355 3238 428 3289 non,
451 3228 485 3278 ut
505 3213 641 3300 plerique
661 3216 819 3295 falluntur,
852 3242 983 3304 repens,
1007 3223 1057 3283 sed
1081 3223 1176 3303 priori
1195 3217 1308 3302 populo

268 3325 441 3387 factitatum
465 3334 522 3386 cst.
565 3327 606 3386 At
625 3348 695 3386 cum
724 3325 896 3388 Senonibus
925 3332 1135 3412 pugnavimus.
1186 3325 1309 3388 Scilicet

268 3431 374 3502 Volsci
388 3446 417 3493 et
435 3423 534 3515 Aequi
527 3455 706 3517 ununquam
728 3436 886 3498 adversam
905 3439 992 3498 nobis
1013 3440 1107 3497 aciem
1129 3439 1307 3496 instruxere.

268 3541 358 3622 Capti
380 3537 512 3604 aGallis
534 3565 649 3632 sumus.
692 3544 801 3606 Sedet
823 3547 928 3607 Tuscis
953 3547 1072 3608 obsides
1091 3545 1254 3618 dedimus,
1278 3551 1308 3604 et
1426 3559 1427 3620 p

210 3663 211 3671 ’
272 3650 483 3711 Samnitium
477 3631 580 3732 iugum
601 3653 778 3714 subivimus.
800 3656 1007 3720 Attamen
986 3678 1010 3715 si
1030 3665 1140 3716 cuncta
1159 3653 1240 3714 bella
1259 3673 1306 3713 re·
1322 3657 1354 3718 3⁰

270 3775 413 3836 censeas,
440 3761 555 3821 nullum
578 3761 719 3823 breviore
737 3761 833 3843 spatio
855 3783 972 3846 quam.
966 3761 1111 3824 adversus
1125 3761 1228 3822 Gallos
1238 3781 1305 3822 con

366 3931 373 3944 .

358 3994 381 4045 8.
403 3991 570 4063 capessenda
589 3994 639 4048 Mt.
660 3993 731 4048 idem
754 3977 796 4049 25ss
813 3993 978 4054 mundaret:
1000 3969 1265 4066 mundari-bipsius.

1426 4111 1427 4148 l
