2900 4706
249 307 310 374 ltu
644 307 864 370 ANNALlUM

102 486 392 554 ‹=0.6t·)t‘onttum
414 490 547 551 Pilatum
567 487 715 572 supplicio
747 491 870 552 affectus
896 503 969 576 erat.
1011 493 1216 574 Repressaque
1237 495 1271 552 in

248 615 388 672 praesens
414 595 572 657 exitiabilis
589 599 760 678 superstitio
781 617 884 658 rursus
904 597 1092 677 erumpebat,
1116 619 1174 658 non
1200 619 1270 660 mo..

247 702 286 760 do
308 725 360 782 per
372 703 522 778 ledaeum,
538 706 683 786 originem
705 706 768 766 111111
791 703 874 782 mali,
895 705 948 766 sed
968 727 1024 786 per
1042 705 1150 764 urbem
1165 708 1268 780 etiarn,

184 817 188 822 '
248 831 308 889 quo
327 819 435 870 cuncta
456 811 593 894 undique
620 811 736 874 atrocia
759 821 813 870 aut
841 810 982 891 pudenda
1003 808 1161 871 conlluuut
1187 809 1268 870 cele·

246 915 441 998 branturque.
483 920 583 1000 Igitur
603 921 732 999 primum
753 911 886 999 correpti
907 920 957 998 qui
978 917 1158 990 fatebantur,
1182 917 1309 988 dein-5

246 1020 284 1078 de
304 1021 412 1082 indicio
433 1043 537 1082 eorum
558 1023 721 1084 multitudo
738 1025 859 1104 ingens,
892 1021 975 1082 hand
996 1022 1120 1103 perinde
1148 1026 1178 1083 in
1207 1026 1271 1084 cri-

195 1156 206 1168 ·
248 1128 325 1186 mine
347 1129 477 1188 incendii
498 1153 590 1212 quum
604 1134 680 1192 odio
693 1133 816 1196 humani
836 1134 954 1212 generis
978 1131 1104 1192 conuicti
1123 1141 1207 1192 sunt.
1228 1132 1271 1191 Et

248 1238 439 1312 pereuntibus
463 1237 565 1298 addita
598 1237 751 1314 ludibria,
786 1249 821 1300 ut
854 1239 987 1300 ferarum
1008 1241 1108 1332 tergis
1136 1237 1270 1297 contecti

247 1339 359 1400 laniatu
378 1361 486 1402 cauum
507 1344 682 1418 interirent,
718 1355 770 1404 aut
802 1344 943 1404 crucibus
962 1343 1059 1415 affixi,
1093 1336 1148 1404 aut
1181 1344 1269 1404 llam·

247 1446 361 1522 mandi,
380 1459 472 1530 atque
491 1449 544 1510 ubi
559 1450 713 1510 defecisset
733 1451 806 1525 dies,
825 1452 856 1510 in
874 1469 961 1510 usum
985 1451 1128 1510 nocturni
1148 1449 1270 1510 luminis
1291 1475 1330 1518 ιο

223 1565 415 1618 'urerentur
458 1557 569 1616 Hortos
588 1579 660 1617 suos
681 1561 708 1618 ei
734 1557 906 1638 spectaculo
930 1558 1009 1621 Nero
1036 1555 1208 1633 obtulerat,
1238 1568 1270 1618 et

246 1660 379 1722 circense
401 1663 553 1724 ludicrum
575 1663 690 1740 edebat,
712 1663 820 1724 habitu
846 1666 972 1746 aurigae
996 1664 1160 1744 permixtus
1187 1662 1269 1743 plebi

245 1767 293 1828 vel
313 1769 465 1830 curriculo
487 1772 631 1833 insistens.
673 1771 774 1846 Unde,
797 1788 970 1854 quanquam
996 1768 1139 1830 adversus
1172 1781 1270 1831 sontes

245 1889 275 1936 et
296 1881 455 1938 novissima
476 1881 610 1960 exempla
632 1884 778 1956 meritos,
800 1882 953 1942 miseratio
987 1878 1163 1950 oriebatur,
1200 1883 1268 1937 teu·

245 2005 336 2064 quam
357 2007 419 2046 non
447 1986 577 2047 utilitate
599 1985 719 2067 publica
739 1987 792 2048 sed
813 1988 844 2046 111
876 1986 1029 2046 saevitiem
1059 1985 1149 2044 unius
1173 1984 1264 2046 absu-
1291 1992 1332 2050 15

176 2121 179 2128 ’
245 2104 411 2178 merentur.
455 2090 580 2156 Interea
594 2095 783 2156 conferendis
794 2093 941 2182 ¹pecuniis
961 2088 1135 2174 pervastata
1152 2087 1332 2169 ,1111111145

209 2265 216 2274 ,
243 2203 414 2281 provinciae
432 2221 574 2275 eversae,
589 2206 731 2284 sociique
748 2202 851 2284 populi
871 2213 901 2262 et
928 2221 1006 2282 quae
1038 2197 1203 2262 civitatium
1229 2197 1270 2258 li·

157 2349 176 2372 „
244 2306 333 2366 berae
357 2319 509 2372 vccnutur.
566 2309 661 2388 loque
681 2327 745 2368 eam
776 2309 921 2388 praedam
953 2311 1045 2370 etiam
1077 2304 1109 2366 (11
1138 2325 1268 2385 cessere,

243 2407 374 2488 spoliatis
400 2413 432 2470 in
461 2412 538 2470 urbe
566 2411 703 2492 templis,
736 2421 894 2494 egestoque
927 2425 1027 2489 auro,
1056 2412 1139 2495 quod¹
1156 2413 1269 2474 trium-

243 2519 329 2597 phis,
352 2519 433 2600 quod
455 2524 533 2581 votis
552 2519 774 2602 omnispopuli
795 2521 925 2582 Rotnani
946 2532 1028 2606 aetas
1054 2540 1198 2606 prospere
1218 2532 1270 2580 aut
1287 2549 1323 2588 20

244 2624 274 2686 in
300 2635 381 2684 metu
400 2637 579 2687 sacraverut.
620 2626 788 2688 Enimvero
806 2647 859 2708 per
881 2626 986 2688 Asinus
1011 2637 1102 2709 atque
1121 2626 1268 2688 Achaiam

242 2749 302 2788 non
327 2731 409 2790 dona
427 2740 545 2792 tantum
574 2731 627 2792 sed
649 2731 809 2794 simulacra
833 2733 990 2792 numinum
1015 2732 1267 2814 abripiebantur,

244 2831 349 2898 missis
369 2838 402 2896 in
432 2859 484 2898 eas
513 2838 683 2918 provincias
710 2822 826 2900 Acrato
856 2861 890 2900 ac
922 2839 1064 2910 Secundo
1096 2841 1269 2922 Caprinate.

243 2946 297 3004 llle
332 2946 458 3010 libertus
492 2950 661 3029 cuicunque
705 2947 817 3032 flagitio
853 2953 1031 3029 proruptus,
1061 2947 1112 3008 hic
1150 2951 1266 3012 Graeca

242 3054 380 3114 doctriua
400 3066 562 3117 oretenus
584 3057 749 3128 exercitus,
772 3058 908 3117 animum
941 3058 1029 3118 honis
1055 3059 1175 3122 artibus
1206 3077 1264 3118 nnn
1284 3063 1325 3123 25

243 3164 389 3228 induerat.
439 3162 613 3224 Ferebatur
642 3164 774 3242 Seneca,
797 3187 864 3246 quo
898 3165 1044 3226 invidiam
1072 3162 1219 3245 sacrilegii
1247 3185 1267 3222 a

242 3283 336 3332 seruet
362 3283 531 3344 everteret,
577 3274 736 3356 longinqui
768 3275 850 3334 ruris
876 3295 1027 3336 secessum
1053 3273 1202 3346 oravisse,
1237 3279 1267 3330 es

137 3364 161 3387 '¹
239 3391 397 3459 postquam
418 3399 480 3438 non
499 3378 738 3452 concedebatur,
757 3380 826 3440 licta
850 3380 1037 3458 valitudine,
1072 3379 1159 3464 quasi
1176 3397 1267 3458 aeger

240 3487 361 3560 neruis,
385 3483 559 3545 cubiculum
581 3507 642 3546 non
663 3507 808 3568 egressus.
849 3486 1019 3548 Tt·adidere
1050 3483 1174 3566 quidam
1212 3501 1266 3540 ve·

189 3603 192 3614 '
240 3613 353 3655 nerium
373 3591 401 3650 ei
427 3613 481 3672 per
502 3591 645 3653 libertum
667 3594 776 3673 ipsius,
807 3593 854 3654 eui
878 3614 987 3653 nornen
1005 3591 1189 3665 Cleonicus,
1203 3609 1262 3695 pe·
1288 3603 1331 3662 30

240 3708 337 3758 ratum
358 3699 442 3757 iussu
462 3698 609 3777 Neronis,
635 3703 820 3782 vitatumque
841 3721 860 3760 a
880 3699 993 3782 Seneca
1026 3695 1199 3780 proditione
1231 3691 1268 3754 li·

245 3841 357 3854 -uw--w
424 3843 512 3852 ——a--n

293 3940 315 3990 7.
336 3921 476 3973 cosmus·
494 3920 580 3981 met
603 3937 640 3974 rc.
652 3937 711 3974 usu.
735 3926 772 3979 13.
791 3923 933 3977 eurr-iouia
948 3921 989 3982 b:
1008 3923 1090 3974 ceteri
1111 3916 1224 3976 circula
