2862 4730
514 289 590 353 nin.
614 291 638 350 1.
682 289 768 352 cnr.
790 257 932 358 or-on
1010 321 1043 390 .·
1103 263 1105 270 '
1193 293 1234 358 sa

98 455 100 460 ¹
188 465 285 530 Lucio
313 468 451 533 Domitio
487 483 670 557 aggeratus3
702 486 801 538 cetera
834 473 960 551 limosa,
995 479 1112 537 tenacia
1147 479 1231 559 gravi
1249 475 1317 546 (⁸C·
1332 481 1360 532 ¹⁵

189 597 287 638 caeno
306 587 362 639 ant
378 579 453 640 rivis
474 583 590 642 incerta
608 594 712 662 erant3
736 585 851 642 circum
865 571 961 643 silvae
975 580 1122 663 paulatim
1141 583 1234 645 accli-

188 705 260 765 ves,
291 697 455 768 questum
480 687 636 750 Arminius
668 687 822 772 implevit,
845 687 1030 774 compendiis
1052 691 1173 750 viarum
1202 702 1234 758 et

190 797 252 856 cito
281 793 401 877 agmine
420 804 565 854 onustum
585 794 716 854 sarcinis
732 793 884 878 armisque
905 777 1031 856 militem
1049 815 1120 856 cum
1145 807 1232 858 ante·
1312 772 1313 778 ἵ

153 897 327 967 5venisset.
370 903 522 964 Caecinae
539 902 711 978 dubitanti,
739 925 873 986 quonam
893 903 986 964 modo
1015 914 1123 984 ruptos
1144 915 1233 964 vetn-

88 1019 90 1029 '
189 1017 269 1070 state
288 1022 397 1092 pontes
417 1022 581 1093 reponeret
602 1010 754 1094 simulque
773 1010 965 1094 propulsaret
980 1011 1108 1089 hostem,
1134 1022 1233 1072 castra

189 1119 299 1178 metari
318 1120 350 1179 in
372 1117 440 1183 loco
457 1119 590 1202 placuit,
613 1131 649 1180 ut
665 1141 742 1202 opus
762 1129 792 1180 et
812 1117 863 1179 alii
886 1117 1035 1201 praelium
1054 1121 1230 1202 inciperent.

135 1210 324 1296 filtssarbari
345 1227 534 1311 peril-ingere
550 1227 692 1290 stationes
712 1247 802 1310 seque
819 1227 935 1290 inferre
953 1228 1159 1290 munitoribus
1174 1229 1234 1290 nisi

191 1331 344 1396 lacessunt
360 1335 664 1418 circumgrediuntnr
678 1345 850 1398 occursant.
880 1337 1025 1395 Miscetur
1039 1339 1233 1418 operantium

142 1447 181 1494 ¹⁰
193 1437 435 1526 bellantiumque
458 1443 590 1504 clamor.
642 1443 682 1531 Et
709 1453 828 1512 euncta‘
851 1446 966 1524 pariter
999 1444 1143 1505 Romanis
1176 1444 1234 1504 ad·

189 1567 296 1623 versa,
319 1549 404 1612 locus
426 1551 542 1634 uligine
563 1551 732 1634 profunda,
758 1553 837 1614 idern
857 1551 895 1612 ad
919 1552 1050 1636 gradum
1071 1534 1233 1630 instabilis,

92 1705 98 1722 t
189 1657 429 1739 procedentibus
444 1660 590 1737 lubricus,
605 1679 733 1742 corpora
750 1663 853 1743 gravia
868 1661 985 1738 loricis3
1007 1681 1106 1741 neque
1122 1659 1235 1722 librare
1261 1681 1264 1688 ·

188 1765 253 1848 pila
272 1767 355 1826 inter
377 1766 476 1828 undas
504 1778 656 1849 poterant.
700 1771 818 1830 Contra
847 1768 1010 1828 Cheruscis
1042 1780 1127 1830 sueta
1152 1770 1234 1850 apud
1268 1834 1271 1843 Δ

190 1870 320 1954 paludes
338 1873 474 1956 praelia,
502 1898 630 1959 proceru
650 1877 807 1952 membra,
832 1877 939 1938 hastae
959 1877 1095 1958 ingentes
1110 1875 1150 1936 ud
1166 1876 1235 1936 vnl-

143 1971 280 2046 thuera'
304 1981 442 2045 facienda
473 1986 616 2066 quamvis.
643 1983 761 2067 procul.
804 1985 870 2046 Nux
906 1985 1030 2044 demum
1063 1983 1235 2046 inclinantis

191 2089 252 2155 iam
276 2091 409 2181 legiones
440 2093 585 2156 adversae
615 2115 736 2178 pugnae
758 2094 879 2154 exemit.
925 2089 1071 2154 Germani
1099 2090 1140 2152 ob
1164 2109 1235 2172 pro·
1345 2142 1346 2146 ,

191 2221 280 2282 spera
301 2201 465 2275 indefessi,
496 2223 535 2264 ne
556 2213 623 2264 tum
649 2200 773 2284 quidem
794 2210 914 2282 sumpta
937 2199 1056 2281 quiete,
1085 2206 1235 2280 qnantum

193 2329 341 2390 aquarum
361 2310 479 2369 circum
498 2309 693 2394 surgentibus
722 2308 799 2391 iugis
821 2309 937 2380 oritur,
959 2315 1082 2366 vertere
1107 2304 1140 2365 in
1159 2305 1234 2364 sub-

192 2417 291 2494 iecta3
328 2437 490 2500 mersaque
515 2416 612 2480 humo
639 2428 671 2478 et
704 2415 818 2477 obruto
844 2414 927 2498 qnod
954 2412 1096 2474 effectum
1122 2413 1234 2494 operis,

55 2557 58 2562 ·
142 2523 365 2607 reduplicatns
385 2521 473 2588 militi
492 2524 591 2585 labor.
616 2522 892 2604 Quadragesimum
909 2519 938 2582 id
956 2518 1143 2602 stipendium
1157 2519 1237 2579 Cae·
1284 2563 1288 2572 ,

147 2634 150 2640 “
193 2635 264 2694 cina
282 2632 412 2715 parendi
433 2643 488 2700 aut
507 2630 702 2714 imperitandi
729 2627 881 2705 habebat,
910 2626 1115 2689 secundarum
1141 2611 1260 2687 ambi-⁸

192 2761 386 2825 gnarumque
419 2760 522 2801 rernm
552 2739 650 2800 sciens
672 2757 769 2822 eoque
798 2721 964 2802 interritus.
1013 2735 1109 2814 Igitur
1133 2731 1238 2792 futura

192 2852 320 2915 volvens
342 2871 406 2918 non¹
429 2847 512 2921 aliud
533 2848 670 2932 repperit
689 2867 782 2931 quiam
803 2854 840 2906 nt
857 2845 977 2925 liostem
1000 2839 1083 2901 silvis
1112 2858 1237 2935 coerce·

78 2986 81 2996 ·
194 2970 251 3038 ret,
271 2959 370 3020 donec
386 2957 493 3034 sancii,
515 2967 727 3039 quantumque
748 2951 897 3038 grauioris
918 2947 1055 3033 agminis,
1076 2948 1237 3010 anteirent.

146 3057 273 3130 a5nam
292 3065 399 3130 medio
423 3069 574 3128 montium
605 3073 637 3126 et
667 3062 811 3147 paludum
836 3059 1051 3145 porrigebatur
1078 3054 1236 3140 planities,

196 3197 276 3259 quae
293 3185 418 3262 tenuem
434 3148 529 3236 aciem
545 3181 711 3256 pateretur.
753 3169 942 3254 Delignntnr
962 3167 1107 3252 legiones,
1132 3166 1240 3248 quinta

196 3283 302 3346 dextro
331 3283 440 3360 lateri,
475 3281 697 3343 unetvicesima
721 3280 755 3342 iu
788 3277 927 3354 lacrum,
965 3274 1100 3360 primani
1121 3273 1239 3338 ducem

142 3369 270 3454 ss5dnm
286 3389 328 3454 ad,
347 3410 479 3472 agmen,
501 3388 704 3458 vicesimanus
723 3369 887 3450 adversum
904 3391 1058 3454 reatinos.¹
1097 3379 1165 3443 Nor
1182 3404 1239 3468 per.
1298 3383 1303 3390 “

198 3541 487 3561 —n—-u-n-

281 3637 306 3692 8.
325 3631 418 3721 reque]
439 3633 517 3708 requi
535 3633 578 3698 nt,
596 3633 713 3688 correxit
733 3631 894 3690 herculana,

267 3747 308 3795 ts,
327 3733 448 3784 liberare
467 3727 503 3780 Μ.
789 3723 792 3734 '

269 3826 310 3880 so.
327 3837 383 3879 tam
401 3823 447 3876 M:
464 3825 519 3876 iam
538 3821 603 3880 Mu.

269 3939 308 3992 tp.
327 3917 403 3994 qnod
420 3917 553 3994 ficetum]
573 3937 633 3994 qno.
649 3913 782 3992 defletum
800 3917 835 3972 ll.
850 3999 865 4010 ..
