2826 4730
207 309 247 371 92
454 341 459 346 ·
585 352 590 360 ι
614 307 825 374 ANNALIUM
897 249 902 272 l

60 512 90 571 (a
104 498 134 555 C.
150 499 233 569 isliu
254 513 351 554 annos
371 491 503 576 singulos
527 495 706 554 nominaret.
751 492 841 554 Haud
857 491 985 552 dubium
1007 503 1070 554 erat
1092 513 1158 552 eam
1175 515 1246 552 sen-

204 587 335 664 tentiam
353 599 444 660 altius
463 611 626 683 penetrare
647 611 678 660 et
700 622 809 660 areana
840 599 956 695 imperii
989 600 1108 662 tentari.
1150 600 1245 659 Tibe-

203 709 270 772 rius
289 719 402 782 tamen,
426 710 511 790 quasi
532 720 693 790 augeretur
714 719 845 791 potestas
865 713 942 785 eius,
965 705 1247 786 disseruit.'Grave

205 813 409 876 moderationi
433 836 504 874 suae
525 827 568 875 tot
592 815 703 897 eligere
726 827 772 876 tot
798 815 930 880 differre.
981 816 1039 876 Vix
1064 838 1118 896 per
1141 818 1247 898 singu-

205 919 253 982 los‘
271 941 368 980 annos
389 917 569 982 offensiones
589 923 693 998 vitari,
714 923 851 1002 quamvis
886 920 1037 1003 repulsam
1071 915 1275 1004 propinqua5

206 1051 271 1112 spes
292 1027 429 1090 soletur:
462 1041 609 1110 quantum
634 1029 696 1090 odii
718 1031 783 1090 sore
806 1030 845 1090 ab
867 1031 934 1105 liis,
957 1031 1025 1111 *qui
1045 1029 1128 1089 ultra
1156 1029 1247 1110 quin-

206 1139 374 1220 quennium
399 1137 610 1219 proiiciantur.
654 1137 749 1198 Unde
771 1138 901 1219 prospici
921 1160 1006 1219 posse
1028 1159 1107 1218 quae
1138 1137 1250 1216 eoique

208 1258 271 1310 tam
294 1245 384 1327 longo
407 1250 554 1329 temporis
578 1225 894 1328 spatidmcnsdomus
915 1249 1063 1308 fortuna?
1094 1245 1252 1327 superbire

210 1353 348 1417 homines
370 1357 461 1416 etiam
482 1377 582 1416 annua
605 1355 840 1437 designatione:
880 1355 954 1438 quid
982 1358 1006 1416 si
1027 1355 1175 1414 honorem
1199 1373 1252 1432 per

211 1462 454 1546 quinquennium
473 1465 610 1545 agitent?
638 1461 885 1546 Quinquiplicari
903 1485 1026 1546 prorsus
1044 1463 1248 1542 magistratus,
1266 1490 1299 1528 ,ο

212 1569 349 1630 subverti
372 1568 477 1650 leges,
498 1591 576 1650 quae
609 1591 663 1629 sua
693 1571 789 1656 spatia
819 1568 1005 1630 exercendae
1023 1569 1256 1629 candidatorum-

211 1675 379 1737 industriae
387 1677 630 1760 quaerendisque
649 1688 702 1738 aut
723 1677 878 1760 potiundis
892 1677 1058 1738 honoribus
1079 1679 1251 1738 statuerint.

212 1785 388 1849 Favorabill
409 1789 440 1846 in
461 1789 593 1870 speciem
621 1786 759 1847 oratione
786 1788 848 1847 vim
877 1787 995 1868 imperii
1016 1789 1129 1847 tenuit.
1172 1771 1309 1848 Cen-37

212 1917 323 1977 susque
351 1894 543 1976 quorundam
575 1908 748 1958 senatorum
778 1896 864 1958 iuvit.
908 1895 983 1972 Quo
1015 1897 1109 1976 magis
1142 1899 1254 1956 mirum

214 2005 272 2066 tuit
292 2003 377 2086 quod
395 2025 501 2086 preces
524 2005 620 2065 Marci
650 2003 771 2064 Hortali
799 2002 909 2064 nobilis
942 2006 1084 2076 iuvenis,
1118 2005 1150 2062 in
1181 1990 1306 2084 pau-¹5

213 2123 331 2196 pertate
351 2110 510 2173 manifesta
540 2111 702 2192 superbius
734 2111 908 2192 accepisset.
953 2111 1054 2194 Nepos
1085 2121 1150 2171 erat
1187 2131 1258 2170 ora·

213 2220 288 2280 toris
312 2217 487 2294 Hortensii,
526 2213 646 2276 illectus
677 2238 695 2276 a
721 2217 792 2278 divo
824 2217 960 2298 Augusto
993 2215 1175 2278 liberalitate
1204 2212 1258 2276 de-

214 2329 276 2388 cies
297 2324 427 2386 sestertii
449 2323 560 2383 ducere
581 2344 716 2400 rrxorem,
740 2325 891 2406 suscipere
911 2324 1043 2398 liberos,
1067 2345 1105 2384 ne
1127 2323 1259 2384 clarissi-

216 2455 265 2494 ma
287 2431 400 2492 sensilia
427 2431 680 2512 exstingueretur.
733 2431 832 2514 lgitur
860 2443 1004 2514 quattuor
1036 2433 1104 2506 filiis
1133 2443 1204 2492 ante
1225 2431 1260 2492 li'·

216 2562 287 2602 men
310 2541 412 2600 curiae
433 2536 646 2616 adstantibus,
670 2537 740 2598 loco
765 2543 959 2624 sententiae,
992 2561 1061 2600 cum
1092 2541 1123 2598 in
1146 2538 1260 2621 palatio
1271 2545 1310 2585 ²0

216 2658 338 2709 senatus
367 2644 554 2720 haberetur,
592 2644 685 2705 modo
715 2646 876 2709 'Hortensii
906 2649 986 2706 inter
1017 2655 1152 2707 oratores
1173 2647 1261 2706 sitam

217 2753 382 2835 imaginem
400 2751 493 2813 modo
513 2751 645 2834 Augusti
667 2753 802 2830 intuens,
825 2754 863 2814 ad
887 2753 969 2813 hunc
1001 2753 1126 2814 modum
1149 2756 1260 2836 coepit.

220 2861 354 2938 „Patres
370 2857 541 2940 conscripti,
563 2857 631 2930 hos,
654 2879 788 2939 quorum
805 2881 964 2918 numerum
975 2839 1005 2920 et
1027 2860 1190 2941 pueritiam
1215 2863 1263 2921 vi·

217 2968 306 3039 detis,
331 2987 392 3027 eon
415 2976 521 3047 sponte
543 2962 662 3056 sustuli,
679 2965 730 3026 sed
750 2965 1148 3048 quiaprincepsmonebat3
1172 2969 1262 3031 simul
1303 2997 1305 3011 ·

143 3089 147 3098 “
218 3076 348 3134 maiores
368 3074 427 3131 mei
454 3081 648 3148 meruerant,
681 3082 715 3130 ut
735 3072 875 3153 posteros
895 3073 1052 3137 haberent.
1094 3075 1172 3135 Nam
1195 3099 1262 3160 ego,
1273 3078 1313 3140 25

219 3181 272 3264 qui
296 3201 357 3240 non
376 3181 544 3260 pecuniam,
566 3200 629 3239 non
653 3177 754 3238 studia
775 3177 883 3269 populi
912 3202 1011 3262 neque
1044 3181 1261 3265 eloquentiam,
1299 3242 1302 3254 ,

219 3286 332 3372 gentile
355 3285 464 3346 domus
484 3296 605 3346 nostrae
626 3284 753 3360 bonum,
776 3286 922 3346 varietate
943 3297 1115 3370 temporum
1147 3294 1264 3375 accipe·

220 3420 254 3458 re
275 3395 324 3459 vel
345 3415 456 3479 parare
477 3394 654 3478 potuissem,
677 3393 757 3457 satis.
770 3373 933 3470 habebam,
948 3375 980 3456 si
1001 3407 1107 3459 tenues
1122 3421 1169 3462 res
1181 3422 1264 3464 meae

224 3675 253 3726 di
277 3681 363 3731 crant.
399 3670 462 3742 Qua
481 3687 510 3724 rc
528 3687 587 3722 cum
606 3670 762 3739 principum
778 3671 807 3722 in
825 3670 1031 3742 {distribuendis
1053 3675 1203 3744 provinciis
1229 3675 1268 3726 lt-

223 3770 312 3822 ceutia
330 3767 446 3818 multum
465 3773 645 3826 coerceretur,
663 3767 703 3816 vis
723 3766 804 3818 simul
824 3767 933 3836 imperii
953 3769 1163 3842 infringebatur.

310 3866 334 3917 3.
354 3873 472 3914 curetur
491 3862 535 3912 M:
557 3860 720 3933 augeretur]
732 3861 887 3916 Beroaldus.

309 3975 334 4025 q.
354 3955 488 4009 donorum
507 3953 545 4010 Μ.
