<?xml version="1.0" encoding="UTF-8"?>
<!DOCTYPE html PUBLIC "-//W3C//DTD XHTML 1.0 Transitional//EN"
    "http://www.w3.org/TR/xhtml1/DTD/xhtml1-transitional.dtd">
<html xmlns="http://www.w3.org/1999/xhtml" xml:lang="en" lang="en">
 <head>
  <title>
</title>
<meta http-equiv="Content-Type" content="text/html;charset=utf-8" />
  <meta name='ocr-system' content='tesseract 3.04.00' />
  <meta name='ocr-capabilities' content='ocr_page ocr_carea ocr_par ocr_line ocrx_word'/>
</head>
<body>
  <div class='ocr_page' id='page_1' title='image "./ccorneliitaciti00rittgoog_0205.png"; bbox 0 0 2862 4726; ppageno 0'>
   <div class='ocr_carea' id='block_1_1' title="bbox 465 399 1231 470">
    <p class='ocr_par' dir='ltr' id='par_1_1' title="bbox 465 399 1231 470">
     <span class='ocr_line' id='line_1_1' title="bbox 465 399 1231 470; baseline 0.013 -10"><span class='ocrx_word' id='word_1_1' title='bbox 465 403 468 411; x_wconf 86' lang='lat'>&#39;</span> <span class='ocrx_word' id='word_1_2' title='bbox 495 401 571 466; x_wconf 82' lang='lat' dir='ltr'><strong>LlB.</strong></span> <span class='ocrx_word' id='word_1_3' title='bbox 593 401 648 464; x_wconf 83' lang='lat' dir='ltr'><strong>tv.</strong></span> <span class='ocrx_word' id='word_1_4' title='bbox 693 399 781 463; x_wconf 76' lang='lat' dir='ltr'><strong>CAP.</strong></span> <span class='ocrx_word' id='word_1_5' title='bbox 809 404 939 469; x_wconf 61' lang='lat'><strong>282-31·</strong></span> <span class='ocrx_word' id='word_1_6' title='bbox 1173 407 1231 470; x_wconf 82' lang='lat'><strong>197</strong></span> 
     </span>
    </p>
   </div>
   <div class='ocr_carea' id='block_1_2' title="bbox 131 581 1424 2291">
    <p class='ocr_par' dir='ltr' id='par_1_2' title="bbox 163 581 1424 994">
     <span class='ocr_line' id='line_1_2' title="bbox 163 581 1424 692; baseline 0.002 -45"><span class='ocrx_word' id='word_1_7' title='bbox 163 647 171 692; x_wconf 62' lang='lat' dir='ltr'><strong>q</strong></span> <span class='ocrx_word' id='word_1_8' title='bbox 193 595 374 669; x_wconf 86' lang='lat' dir='ltr'><strong>aspernatus</strong></span> <span class='ocrx_word' id='word_1_9' title='bbox 398 593 463 660; x_wconf 83' lang='lat' dir='ltr'><strong>est,</strong></span> <span class='ocrx_word' id='word_1_10' title='bbox 486 592 614 670; x_wconf 80' lang='lat' dir='ltr'><strong>egenam</strong></span> <span class='ocrx_word' id='word_1_11' title='bbox 635 607 733 668; x_wconf 86' lang='lat' dir='ltr'><strong>aquae</strong></span> <span class='ocrx_word' id='word_1_12' title='bbox 747 595 912 670; x_wconf 89' lang='lat' dir='ltr'><strong>utramque</strong></span> <span class='ocrx_word' id='word_1_13' title='bbox 933 584 1061 646; x_wconf 85' lang='lat' dir='ltr'><strong>insulam</strong></span> <span class='ocrx_word' id='word_1_14' title='bbox 1091 583 1236 664; x_wconf 72' lang='lat' dir='ltr'>reserens,</span> <span class='ocrx_word' id='word_1_15' title='bbox 1254 594 1384 668; x_wconf 56' lang='lat' dir='ltr'><strong>(aaut)</strong></span> <span class='ocrx_word' id='word_1_16' title='bbox 1423 581 1424 588; x_wconf 37' lang='lat'>¹</span> 
     </span>
     <span class='ocr_line' id='line_1_3' title="bbox 192 691 1237 776; baseline 0.001 -24"><span class='ocrx_word' id='word_1_17' title='bbox 192 693 370 776; x_wconf 82' lang='lat' dir='ltr'><strong>dandosque</strong></span> <span class='ocrx_word' id='word_1_18' title='bbox 397 695 478 755; x_wconf 87' lang='lat' dir='ltr'><strong>vitae</strong></span> <span class='ocrx_word' id='word_1_19' title='bbox 501 716 574 756; x_wconf 90' lang='lat' dir='ltr'><strong>usus</strong></span> <span class='ocrx_word' id='word_1_20' title='bbox 595 695 644 755; x_wconf 87' lang='lat' dir='ltr'><strong>cui</strong></span> <span class='ocrx_word' id='word_1_21' title='bbox 666 695 730 754; x_wconf 88' lang='lat' dir='ltr'><strong>vita</strong></span> <span class='ocrx_word' id='word_1_22' title='bbox 749 691 980 758; x_wconf 87' lang='lat' dir='ltr'><strong>concederetur.</strong></span> <span class='ocrx_word' id='word_1_23' title='bbox 1032 693 1080 752; x_wconf 88' lang='lat' dir='ltr'><strong>lta</strong></span> <span class='ocrx_word' id='word_1_24' title='bbox 1106 693 1237 754; x_wconf 79' lang='lat' dir='ltr'>Serenus</span> 
     </span>
     <span class='ocr_line' id='line_1_4' title="bbox 194 781 1281 886; baseline 0.003 -26"><span class='ocrx_word' id='word_1_25' title='bbox 194 801 368 885; x_wconf 80' lang='lat' dir='ltr'>Amorgum</span> <span class='ocrx_word' id='word_1_26' title='bbox 389 813 581 886; x_wconf 88' lang='lat' dir='ltr'><strong>reportatur.</strong></span> <span class='ocrx_word' id='word_1_27' title='bbox 624 803 667 862; x_wconf 90' lang='lat' dir='ltr'><strong>Et</strong></span> <span class='ocrx_word' id='word_1_28' title='bbox 688 801 761 883; x_wconf 89' lang='lat' dir='ltr'><strong>quia</strong></span> <span class='ocrx_word' id='word_1_29' title='bbox 783 801 937 884; x_wconf 82' lang='lat' dir='ltr'>Cornutus</span> <span class='ocrx_word' id='word_1_30' title='bbox 966 819 1019 860; x_wconf 91' lang='lat' dir='ltr'><strong>sua</strong></span> <span class='ocrx_word' id='word_1_31' title='bbox 1043 821 1136 861; x_wconf 85' lang='lat' dir='ltr'><strong>manu</strong></span> <span class='ocrx_word' id='word_1_32' title='bbox 1158 802 1236 863; x_wconf 85' lang='lat' dir='ltr'><strong>ceci·</strong></span> <span class='ocrx_word' id='word_1_33' title='bbox 1279 781 1281 790; x_wconf 33' lang='grc' dir='ltr'>Ι</span> 
     </span>
     <span class='ocr_line' id='line_1_5' title="bbox 193 889 1239 994; baseline 0.002 -26"><span class='ocrx_word' id='word_1_34' title='bbox 193 889 302 988; x_wconf 75' lang='lat' dir='ltr'><strong>derat,</strong></span> <span class='ocrx_word' id='word_1_35' title='bbox 325 922 426 971; x_wconf 88' lang='lat' dir='ltr'><strong>actum</strong></span> <span class='ocrx_word' id='word_1_36' title='bbox 448 911 487 973; x_wconf 86' lang='lat' dir='ltr'><strong>de</strong></span> <span class='ocrx_word' id='word_1_37' title='bbox 508 910 650 994; x_wconf 88' lang='lat' dir='ltr'><strong>praemiis</strong></span> <span class='ocrx_word' id='word_1_38' title='bbox 670 920 880 972; x_wconf 80' lang='lat' dir='ltr'><strong>accusatorum</strong></span> <span class='ocrx_word' id='word_1_39' title='bbox 906 907 1089 986; x_wconf 79' lang='lat' dir='ltr'>abolendis,</span> <span class='ocrx_word' id='word_1_40' title='bbox 1123 909 1149 968; x_wconf 85' lang='lat' dir='ltr'><strong>si</strong></span> <span class='ocrx_word' id='word_1_41' title='bbox 1170 910 1239 992; x_wconf 87' lang='lat' dir='ltr'><strong>quis</strong></span> 
     </span>
    </p>

    <p class='ocr_par' dir='ltr' id='par_1_3' title="bbox 156 1016 1238 1212">
     <span class='ocr_line' id='line_1_6' title="bbox 156 1016 1238 1102; baseline -0.002 -20"><span class='ocrx_word' id='word_1_42' title='bbox 156 1017 359 1082; x_wconf 66' lang='lat' dir='ltr'><strong>5&#39;maiestatis</strong></span> <span class='ocrx_word' id='word_1_43' title='bbox 378 1020 550 1102; x_wconf 85' lang='lat' dir='ltr'><strong>postulatus</strong></span> <span class='ocrx_word' id='word_1_44' title='bbox 573 1031 643 1081; x_wconf 90' lang='lat' dir='ltr'><strong>ante</strong></span> <span class='ocrx_word' id='word_1_45' title='bbox 664 1018 835 1102; x_wconf 83' lang='lat' dir='ltr'><strong>perlectum</strong></span> <span class='ocrx_word' id='word_1_46' title='bbox 855 1016 1003 1078; x_wconf 88' lang='lat' dir='ltr'><strong>iudicium</strong></span> <span class='ocrx_word' id='word_1_47' title='bbox 1027 1037 1060 1078; x_wconf 86' lang='lat' dir='ltr'><strong>se</strong></span> <span class='ocrx_word' id='word_1_48' title='bbox 1090 1017 1156 1102; x_wconf 83' lang='lat' dir='ltr'><strong>ipse</strong></span> <span class='ocrx_word' id='word_1_49' title='bbox 1174 1021 1238 1082; x_wconf 80' lang='lat' dir='ltr'><strong>vita</strong></span> 
     </span>
     <span class='ocr_line' id='line_1_7' title="bbox 192 1126 1237 1212; baseline 0.004 -26"><span class='ocrx_word' id='word_1_50' title='bbox 192 1131 386 1207; x_wconf 84' lang='lat' dir='ltr'><strong>privavisset.</strong></span> <span class='ocrx_word' id='word_1_51' title='bbox 429 1129 595 1212; x_wconf 79' lang='lat' dir='ltr'><strong>Ibaturque</strong></span> <span class='ocrx_word' id='word_1_52' title='bbox 617 1131 649 1190; x_wconf 92' lang='lat' dir='ltr'><strong>in</strong></span> <span class='ocrx_word' id='word_1_53' title='bbox 663 1142 742 1189; x_wconf 76' lang='lat' dir='ltr'><strong>&#39;eam</strong></span> <span class='ocrx_word' id='word_1_54' title='bbox 773 1128 967 1202; x_wconf 88' lang='lat' dir='ltr'><strong>sententium,</strong></span> <span class='ocrx_word' id='word_1_55' title='bbox 991 1127 1023 1188; x_wconf 88' lang='lat' dir='ltr'><strong>ni</strong></span> <span class='ocrx_word' id='word_1_56' title='bbox 1047 1126 1155 1188; x_wconf 73' lang='lat' dir='ltr'><strong>durius</strong></span> <span class='ocrx_word' id='word_1_57' title='bbox 1169 1149 1237 1190; x_wconf 88' lang='lat' dir='ltr'><strong>cnu-</strong></span> 
     </span>
    </p>

    <p class='ocr_par' dir='ltr' id='par_1_4' title="bbox 133 1221 1328 1532">
     <span class='ocr_line' id='line_1_8' title="bbox 133 1221 1237 1319; baseline 0.003 -26"><span class='ocrx_word' id='word_1_58' title='bbox 133 1221 134 1225; x_wconf 6' lang='grc' dir='ltr'>ἵ</span> <span class='ocrx_word' id='word_1_59' title='bbox 192 1247 299 1316; x_wconf 86' lang='lat' dir='ltr'><strong>traque</strong></span> <span class='ocrx_word' id='word_1_60' title='bbox 318 1259 433 1298; x_wconf 87' lang='lat' dir='ltr'><strong>morem</strong></span> <span class='ocrx_word' id='word_1_61' title='bbox 454 1259 563 1314; x_wconf 87' lang='lat' dir='ltr'><strong>suum,</strong></span> <span class='ocrx_word' id='word_1_62' title='bbox 585 1235 684 1319; x_wconf 89' lang='lat' dir='ltr'><strong>palam</strong></span> <span class='ocrx_word' id='word_1_63' title='bbox 707 1257 763 1317; x_wconf 89' lang='lat' dir='ltr'><strong>prn</strong></span> <span class='ocrx_word' id='word_1_64' title='bbox 785 1234 1032 1308; x_wconf 87' lang='lat' dir='ltr'><strong>accusatoribus,</strong></span> <span class='ocrx_word' id='word_1_65' title='bbox 1058 1235 1171 1298; x_wconf 85' lang='lat' dir='ltr'><strong>Caesar</strong></span> <span class='ocrx_word' id='word_1_66' title='bbox 1192 1239 1237 1297; x_wconf 86' lang='lat' dir='ltr'><strong>ir-</strong></span> 
     </span>
     <span class='ocr_line' id='line_1_9' title="bbox 193 1341 1235 1436; baseline -0.003 -31"><span class='ocrx_word' id='word_1_67' title='bbox 193 1349 265 1406; x_wconf 89' lang='lat' dir='ltr'><strong>ritas</strong></span> <span class='ocrx_word' id='word_1_68' title='bbox 287 1346 384 1428; x_wconf 82' lang='lat' dir='ltr'><strong>leges,</strong></span> <span class='ocrx_word' id='word_1_69' title='bbox 408 1363 472 1404; x_wconf 90' lang='lat' dir='ltr'><strong>rem</strong></span> <span class='ocrx_word' id='word_1_70' title='bbox 493 1343 650 1426; x_wconf 88' lang='lat' dir='ltr'><strong>publicam</strong></span> <span class='ocrx_word' id='word_1_71' title='bbox 671 1344 703 1402; x_wconf 91' lang='lat' dir='ltr'><strong>in</strong></span> <span class='ocrx_word' id='word_1_72' title='bbox 736 1341 894 1424; x_wconf 81' lang='lat' dir='ltr'><strong>praecipiti</strong></span> <span class='ocrx_word' id='word_1_73' title='bbox 926 1349 1109 1422; x_wconf 82' lang='lat' dir='ltr'><strong>conquestus</strong></span> <span class='ocrx_word' id='word_1_74' title='bbox 1136 1353 1235 1436; x_wconf 67' lang='lat' dir='ltr'><strong>esset:</strong></span> 
     </span>
     <span class='ocr_line' id='line_1_10' title="bbox 194 1447 1328 1532; baseline -0.004 -20"><span class='ocrx_word' id='word_1_75' title='bbox 194 1453 405 1514; x_wconf 77' lang='lat' dir='ltr'><strong>subverterent</strong></span> <span class='ocrx_word' id='word_1_76' title='bbox 428 1451 528 1532; x_wconf 89' lang='lat' dir='ltr'><strong>potius</strong></span> <span class='ocrx_word' id='word_1_77' title='bbox 558 1449 626 1510; x_wconf 89' lang='lat' dir='ltr'><strong>iura</strong></span> <span class='ocrx_word' id='word_1_78' title='bbox 647 1469 740 1530; x_wconf 87' lang='lat' dir='ltr'><strong>quam</strong></span> <span class='ocrx_word' id='word_1_79' title='bbox 757 1447 896 1508; x_wconf 86' lang='lat' dir='ltr'><strong>custodes</strong></span> <span class='ocrx_word' id='word_1_80' title='bbox 918 1467 1027 1508; x_wconf 89' lang='lat' dir='ltr'><strong>eorum</strong></span> <span class='ocrx_word' id='word_1_81' title='bbox 1052 1461 1237 1512; x_wconf 79' lang='lat' dir='ltr'><strong>amoverent.</strong></span> <span class='ocrx_word' id='word_1_82' title='bbox 1326 1501 1328 1508; x_wconf 85' lang='lat'>.</span> 
     </span>
    </p>

    <p class='ocr_par' dir='ltr' id='par_1_5' title="bbox 138 1541 1238 1870">
     <span class='ocr_line' id='line_1_11' title="bbox 138 1541 1238 1639; baseline -0.002 -19"><span class='ocrx_word' id='word_1_83' title='bbox 138 1583 176 1622; x_wconf 88' lang='grc' dir='ltr'><strong>ιο</strong></span> <span class='ocrx_word' id='word_1_84' title='bbox 193 1561 243 1621; x_wconf 87' lang='lat' dir='ltr'><strong>Sic</strong></span> <span class='ocrx_word' id='word_1_85' title='bbox 261 1561 436 1634; x_wconf 74' lang='lat' dir='ltr'><strong>delatores,</strong></span> <span class='ocrx_word' id='word_1_86' title='bbox 460 1579 556 1639; x_wconf 80' lang='lat' dir='ltr'><strong>genus</strong></span> <span class='ocrx_word' id='word_1_87' title='bbox 578 1541 884 1638; x_wconf 64' lang='lat' dir='ltr'><strong>lrominum&#39;publico</strong></span> <span class='ocrx_word' id='word_1_88' title='bbox 908 1555 1001 1618; x_wconf 79' lang='lat' dir='ltr'><strong>exitio</strong></span> <span class='ocrx_word' id='word_1_89' title='bbox 1027 1567 1184 1638; x_wconf 86' lang='lat' dir='ltr'><strong>repertum</strong></span> <span class='ocrx_word' id='word_1_90' title='bbox 1206 1569 1238 1618; x_wconf 82' lang='lat' dir='ltr'><strong>et</strong></span> 
     </span>
     <span class='ocr_line' id='line_1_12' title="bbox 190 1661 1238 1750; baseline 0.002 -25"><span class='ocrx_word' id='word_1_91' title='bbox 190 1667 294 1748; x_wconf 88' lang='lat' dir='ltr'><strong>poenis</strong></span> <span class='ocrx_word' id='word_1_92' title='bbox 315 1665 440 1748; x_wconf 90' lang='lat' dir='ltr'><strong>quidem</strong></span> <span class='ocrx_word' id='word_1_93' title='bbox 462 1685 621 1748; x_wconf 84' lang='lat' dir='ltr'><strong>nunquam</strong></span> <span class='ocrx_word' id='word_1_94' title='bbox 643 1665 716 1725; x_wconf 86' lang='lat' dir='ltr'><strong>satis</strong></span> <span class='ocrx_word' id='word_1_95' title='bbox 736 1661 923 1750; x_wconf 73' lang='lat' dir='ltr'><strong>coercitum,</strong></span> <span class='ocrx_word' id='word_1_96' title='bbox 947 1683 1002 1746; x_wconf 86' lang='lat' dir='ltr'><strong>per</strong></span> <span class='ocrx_word' id='word_1_97' title='bbox 1021 1665 1154 1745; x_wconf 87' lang='lat' dir='ltr'><strong>praemia</strong></span> <span class='ocrx_word' id='word_1_98' title='bbox 1183 1667 1238 1727; x_wconf 89' lang='lat' dir='ltr'><strong>eli·</strong></span> 
     </span>
     <span class='ocr_line' id='line_1_13' title="bbox 189 1773 596 1870; baseline -0.007 -37"><span class='ocrx_word' id='word_1_99' title='bbox 189 1773 359 1839; x_wconf 84' lang='lat' dir='ltr'><strong>ciebantur.</strong></span> <span class='ocrx_word' id='word_1_100' title='bbox 587 1851 596 1870; x_wconf 84' lang='lat'><strong>.</strong></span> 
     </span>
    </p>

    <p class='ocr_par' dir='ltr' id='par_1_6' title="bbox 131 1878 1237 2078">
     <span class='ocr_line' id='line_1_14' title="bbox 131 1878 1237 1966; baseline 0.005 -25"><span class='ocrx_word' id='word_1_101' title='bbox 131 1885 184 1964; x_wconf 78' lang='grc'><strong>31</strong></span> <span class='ocrx_word' id='word_1_102' title='bbox 277 1881 332 1943; x_wconf 86' lang='lat' dir='ltr'><strong>llis</strong></span> <span class='ocrx_word' id='word_1_103' title='bbox 350 1890 420 1940; x_wconf 87' lang='lat' dir='ltr'><strong>tam.</strong></span> <span class='ocrx_word' id='word_1_104' title='bbox 432 1879 560 1942; x_wconf 89' lang='lat' dir='ltr'><strong>assiduis</strong></span> <span class='ocrx_word' id='word_1_105' title='bbox 580 1893 703 1966; x_wconf 81' lang='lat' dir='ltr'><strong>tamque</strong></span> <span class='ocrx_word' id='word_1_106' title='bbox 724 1882 846 1944; x_wconf 89' lang='lat' dir='ltr'><strong>maestis</strong></span> <span class='ocrx_word' id='word_1_107' title='bbox 869 1881 989 1946; x_wconf 89' lang='lat' dir='ltr'><strong>modica</strong></span> <span class='ocrx_word' id='word_1_108' title='bbox 1006 1878 1120 1945; x_wconf 85' lang='lat' dir='ltr'><strong>laetitia</strong></span> <span class='ocrx_word' id='word_1_109' title='bbox 1140 1887 1237 1947; x_wconf 87' lang='lat' dir='ltr'><strong>iuter-</strong></span> 
     </span>
     <span class='ocr_line' id='line_1_15' title="bbox 194 1965 1237 2078; baseline 0.009 -30"><span class='ocrx_word' id='word_1_110' title='bbox 194 1987 297 2048; x_wconf 76' lang='lat' dir='ltr'><strong>licitur</strong></span> <span class='ocrx_word' id='word_1_111' title='bbox 306 1989 427 2071; x_wconf 88' lang='lat' dir='ltr'><strong>‚quod</strong></span> <span class='ocrx_word' id='word_1_112' title='bbox 457 1993 566 2050; x_wconf 86' lang='lat' dir='ltr'><strong>Gaium</strong></span> <span class='ocrx_word' id='word_1_113' title='bbox 590 1991 765 2052; x_wconf 88' lang='lat' dir='ltr'><strong>Cominium</strong></span> <span class='ocrx_word' id='word_1_114' title='bbox 787 1965 920 2074; x_wconf 76' lang='lat' dir='ltr'><strong>equitem</strong></span> <span class='ocrx_word' id='word_1_115' title='bbox 943 1981 1133 2067; x_wconf 85' lang='lat' dir='ltr'><strong>Romanum,</strong></span> <span class='ocrx_word' id='word_1_116' title='bbox 1165 2017 1237 2078; x_wconf 89' lang='lat' dir='ltr'><strong>prn-</strong></span> 
     </span>
    </p>

    <p class='ocr_par' dir='ltr' id='par_1_7' title="bbox 134 2087 1239 2291">
     <span class='ocr_line' id='line_1_16' title="bbox 134 2087 1237 2182; baseline 0.01 -31"><span class='ocrx_word' id='word_1_117' title='bbox 134 2087 172 2150; x_wconf 85' lang='grc'><strong>15</strong></span> <span class='ocrx_word' id='word_1_118' title='bbox 191 2094 274 2156; x_wconf 89' lang='lat' dir='ltr'><strong>hrosi</strong></span> <span class='ocrx_word' id='word_1_119' title='bbox 296 2099 326 2155; x_wconf 89' lang='lat' dir='ltr'><strong>in</strong></span> <span class='ocrx_word' id='word_1_120' title='bbox 352 2117 384 2161; x_wconf 87' lang='lat' dir='ltr'><strong>se</strong></span> <span class='ocrx_word' id='word_1_121' title='bbox 405 2099 547 2158; x_wconf 85' lang='lat' dir='ltr'><strong>carminis</strong></span> <span class='ocrx_word' id='word_1_122' title='bbox 577 2099 776 2173; x_wconf 87' lang='lat' dir='ltr'><strong>convictum,</strong></span> <span class='ocrx_word' id='word_1_123' title='bbox 803 2099 913 2160; x_wconf 87' lang='lat' dir='ltr'><strong>Caesar</strong></span> <span class='ocrx_word' id='word_1_124' title='bbox 944 2101 1089 2182; x_wconf 86' lang='lat' dir='ltr'><strong>precibus</strong></span> <span class='ocrx_word' id='word_1_125' title='bbox 1110 2102 1237 2178; x_wconf 75' lang='lat' dir='ltr'><strong>fratris,</strong></span> 
     </span>
     <span class='ocr_line' id='line_1_17' title="bbox 188 2183 1239 2291; baseline 0.012 -31"><span class='ocrx_word' id='word_1_126' title='bbox 188 2183 243 2285; x_wconf 83' lang='lat' dir='ltr'><strong>qni</strong></span> <span class='ocrx_word' id='word_1_127' title='bbox 271 2219 393 2268; x_wconf 84' lang='lat' dir='ltr'><strong>senator</strong></span> <span class='ocrx_word' id='word_1_128' title='bbox 413 2217 498 2282; x_wconf 84' lang='lat' dir='ltr'><strong>erat,</strong></span> <span class='ocrx_word' id='word_1_129' title='bbox 521 2209 678 2272; x_wconf 88' lang='lat' dir='ltr'><strong>concessit.</strong></span> <span class='ocrx_word' id='word_1_130' title='bbox 722 2209 792 2286; x_wconf 87' lang='lat' dir='ltr'><strong>Qun</strong></span> <span class='ocrx_word' id='word_1_131' title='bbox 813 2212 908 2291; x_wconf 82' lang='lat' dir='ltr'><strong>magis</strong></span> <span class='ocrx_word' id='word_1_132' title='bbox 930 2212 1041 2270; x_wconf 90' lang='lat' dir='ltr'><strong>mirum</strong></span> <span class='ocrx_word' id='word_1_133' title='bbox 1064 2210 1239 2273; x_wconf 81' lang='lat' dir='ltr'><strong>habebatur</strong></span> 
     </span>
    </p>
   </div>
   <div class='ocr_carea' id='block_1_3' title="bbox 188 2315 1252 2504">
    <p class='ocr_par' dir='ltr' id='par_1_8' title="bbox 188 2315 1252 2504">
     <span class='ocr_line' id='line_1_18' title="bbox 188 2315 1252 2402; baseline 0.008 -31"><span class='ocrx_word' id='word_1_134' title='bbox 188 2333 317 2393; x_wconf 85' lang='lat' dir='ltr'><strong>gnarum</strong></span> <span class='ocrx_word' id='word_1_135' title='bbox 339 2315 519 2390; x_wconf 86' lang='lat' dir='ltr'><strong>meliorum,</strong></span> <span class='ocrx_word' id='word_1_136' title='bbox 542 2325 572 2400; x_wconf 53' lang='lat' dir='ltr'>Q</span> <span class='ocrx_word' id='word_1_137' title='bbox 596 2336 676 2398; x_wconf 90' lang='lat' dir='ltr'><strong>quue</strong></span> <span class='ocrx_word' id='word_1_138' title='bbox 697 2317 777 2376; x_wconf 84' lang='lat' dir='ltr'><strong>sama</strong></span> <span class='ocrx_word' id='word_1_139' title='bbox 808 2316 999 2379; x_wconf 86' lang='lat' dir='ltr'><strong>clementium</strong></span> <span class='ocrx_word' id='word_1_140' title='bbox 1026 2319 1252 2402; x_wconf 64' lang='lat' dir='ltr'><strong>.sequeretur,&#39;</strong></span> 
     </span>
     <span class='ocr_line' id='line_1_19' title="bbox 188 2419 1237 2504; baseline 0.01 -28"><span class='ocrx_word' id='word_1_141' title='bbox 188 2419 323 2478; x_wconf 87' lang='lat' dir='ltr'><strong>tristiora</strong></span> <span class='ocrx_word' id='word_1_142' title='bbox 345 2419 446 2486; x_wconf 85' lang='lat' dir='ltr'><strong>malle.</strong></span> <span class='ocrx_word' id='word_1_143' title='bbox 491 2419 598 2502; x_wconf 85' lang='lat' dir='ltr'><strong>Neque</strong></span> <span class='ocrx_word' id='word_1_144' title='bbox 620 2421 701 2480; x_wconf 87' lang='lat' dir='ltr'><strong>enim</strong></span> <span class='ocrx_word' id='word_1_145' title='bbox 720 2421 859 2482; x_wconf 89' lang='lat' dir='ltr'><strong>socordia</strong></span> <span class='ocrx_word' id='word_1_146' title='bbox 879 2425 1037 2504; x_wconf 88' lang='lat' dir='ltr'><strong>peccabat;</strong></span> <span class='ocrx_word' id='word_1_147' title='bbox 1060 2447 1116 2487; x_wconf 88' lang='lat' dir='ltr'><strong>nec</strong></span> <span class='ocrx_word' id='word_1_148' title='bbox 1135 2427 1237 2488; x_wconf 88' lang='lat' dir='ltr'><strong>occul·</strong></span> 
     </span>
    </p>
   </div>
   <div class='ocr_carea' id='block_1_4' title="bbox 125 2529 1239 3042">
    <p class='ocr_par' dir='ltr' id='par_1_9' title="bbox 125 2529 1239 3042">
     <span class='ocr_line' id='line_1_20' title="bbox 190 2529 1239 2610; baseline 0.01 -25"><span class='ocrx_word' id='word_1_149' title='bbox 190 2537 254 2585; x_wconf 85' lang='lat' dir='ltr'><strong>tum</strong></span> <span class='ocrx_word' id='word_1_150' title='bbox 275 2537 340 2604; x_wconf 78' lang='lat' dir='ltr'><strong>cst,</strong></span> <span class='ocrx_word' id='word_1_151' title='bbox 363 2529 488 2610; x_wconf 88' lang='lat' dir='ltr'><strong>quando</strong></span> <span class='ocrx_word' id='word_1_152' title='bbox 520 2551 555 2589; x_wconf 82' lang='lat' dir='ltr'><strong>ex</strong></span> <span class='ocrx_word' id='word_1_153' title='bbox 586 2529 734 2604; x_wconf 83' lang='lat' dir='ltr'><strong>veritate,</strong></span> <span class='ocrx_word' id='word_1_154' title='bbox 756 2529 882 2610; x_wconf 88' lang='lat' dir='ltr'><strong>quando</strong></span> <span class='ocrx_word' id='word_1_155' title='bbox 909 2532 1091 2596; x_wconf 88' lang='lat' dir='ltr'><strong>adumbrata</strong></span> <span class='ocrx_word' id='word_1_156' title='bbox 1120 2534 1239 2596; x_wconf 84' lang='lat' dir='ltr'><strong>laetitia</strong></span> 
     </span>
     <span class='ocr_line' id='line_1_21' title="bbox 125 2630 1238 2725; baseline 0.003 -27"><span class='ocrx_word' id='word_1_157' title='bbox 125 2657 171 2725; x_wconf 77' lang='lat' dir='ltr'><strong>¹an</strong></span> <span class='ocrx_word' id='word_1_158' title='bbox 192 2635 271 2696; x_wconf 84' lang='lat' dir='ltr'><strong>lacta</strong></span> <span class='ocrx_word' id='word_1_159' title='bbox 304 2630 524 2718; x_wconf 88' lang='lat' dir='ltr'><strong>imperatorum</strong></span> <span class='ocrx_word' id='word_1_160' title='bbox 559 2635 764 2700; x_wconf 80' lang='lat' dir='ltr'><strong>celebrentur.</strong></span> <span class='ocrx_word' id='word_1_161' title='bbox 807 2637 891 2715; x_wconf 86' lang='lat' dir='ltr'><strong>Quin</strong></span> <span class='ocrx_word' id='word_1_162' title='bbox 930 2639 1015 2722; x_wconf 76' lang='lat' dir='ltr'><strong>ipse,</strong></span> <span class='ocrx_word' id='word_1_163' title='bbox 1051 2643 1238 2724; x_wconf 87' lang='lat' dir='ltr'><strong>compositus</strong></span> 
     </span>
     <span class='ocr_line' id='line_1_22' title="bbox 188 2739 1237 2828; baseline 0.006 -26"><span class='ocrx_word' id='word_1_164' title='bbox 188 2739 262 2802; x_wconf 87' lang='lat' dir='ltr'><strong>alias</strong></span> <span class='ocrx_word' id='word_1_165' title='bbox 284 2754 315 2803; x_wconf 88' lang='lat' dir='ltr'><strong>et</strong></span> <span class='ocrx_word' id='word_1_166' title='bbox 338 2742 423 2804; x_wconf 89' lang='lat' dir='ltr'><strong>velut</strong></span> <span class='ocrx_word' id='word_1_167' title='bbox 452 2743 653 2806; x_wconf 87' lang='lat' dir='ltr'><strong>eluctantium</strong></span> <span class='ocrx_word' id='word_1_168' title='bbox 684 2742 870 2821; x_wconf 86' lang='lat' dir='ltr'><strong>verborum,</strong></span> <span class='ocrx_word' id='word_1_169' title='bbox 901 2745 1028 2808; x_wconf 82' lang='lat' dir='ltr'><strong>solutius</strong></span> <span class='ocrx_word' id='word_1_170' title='bbox 1050 2749 1237 2828; x_wconf 81' lang='lat' dir='ltr'><strong>promptius·</strong></span> 
     </span>
     <span class='ocr_line' id='line_1_23' title="bbox 187 2822 1237 2932; baseline 0.003 -23"><span class='ocrx_word' id='word_1_171' title='bbox 187 2873 249 2932; x_wconf 93' lang='lat' dir='ltr'><strong>que</strong></span> <span class='ocrx_word' id='word_1_172' title='bbox 269 2851 485 2932; x_wconf 86' lang='lat' dir='ltr'><strong>eloquebatur,</strong></span> <span class='ocrx_word' id='word_1_173' title='bbox 505 2849 648 2930; x_wconf 89' lang='lat' dir='ltr'><strong>quotiens</strong></span> <span class='ocrx_word' id='word_1_174' title='bbox 669 2849 860 2913; x_wconf 73' lang='lat' dir='ltr'><strong>subveniret</strong></span> <span class='ocrx_word' id='word_1_175' title='bbox 899 2822 939 2911; x_wconf 74' lang='lat' dir='ltr'><strong>lt</strong></span> <span class='ocrx_word' id='word_1_176' title='bbox 959 2852 1105 2912; x_wconf 88' lang='lat' dir='ltr'><strong>Publium</strong></span> <span class='ocrx_word' id='word_1_177' title='bbox 1130 2852 1237 2914; x_wconf 89' lang='lat' dir='ltr'><strong>Suilli-</strong></span> 
     </span>
     <span class='ocr_line' id='line_1_24' title="bbox 190 2956 1236 3042; baseline 0.001 -23"><span class='ocrx_word' id='word_1_178' title='bbox 190 2981 243 3019; x_wconf 88' lang='lat' dir='ltr'><strong>um</strong></span> <span class='ocrx_word' id='word_1_179' title='bbox 265 2967 458 3042; x_wconf 80' lang='lat' dir='ltr'><strong>quaestorem</strong></span> <span class='ocrx_word' id='word_1_180' title='bbox 480 2956 637 3037; x_wconf 83' lang='lat' dir='ltr'><strong>quondam</strong></span> <span class='ocrx_word' id='word_1_181' title='bbox 659 2957 849 3031; x_wconf 86' lang='lat' dir='ltr'><strong>Germanici,</strong></span> <span class='ocrx_word' id='word_1_182' title='bbox 872 2979 941 3016; x_wconf 89' lang='lat' dir='ltr'><strong>cum</strong></span> <span class='ocrx_word' id='word_1_183' title='bbox 965 2957 1056 3019; x_wconf 88' lang='lat' dir='ltr'><strong>ltalia</strong></span> <span class='ocrx_word' id='word_1_184' title='bbox 1077 2971 1236 3020; x_wconf 82' lang='lat' dir='ltr'><strong>arceretur</strong></span> 
     </span>
    </p>
   </div>
   <div class='ocr_carea' id='block_1_5' title="bbox 185 3055 1262 3152">
    <p class='ocr_par' dir='ltr' id='par_1_10' title="bbox 185 3055 1262 3152">
     <span class='ocr_line' id='line_1_25' title="bbox 185 3055 1262 3152; baseline -0.003 -25"><span class='ocrx_word' id='word_1_185' title='bbox 185 3055 349 3142; x_wconf 68' lang='lat' dir='ltr'><strong>&#39;convietus</strong></span> <span class='ocrx_word' id='word_1_186' title='bbox 377 3065 537 3146; x_wconf 86' lang='lat' dir='ltr'><strong>pecuniam</strong></span> <span class='ocrx_word' id='word_1_187' title='bbox 558 3065 598 3125; x_wconf 89' lang='lat' dir='ltr'><strong>ob</strong></span> <span class='ocrx_word' id='word_1_188' title='bbox 620 3084 684 3124; x_wconf 88' lang='lat' dir='ltr'><strong>rem</strong></span> <span class='ocrx_word' id='word_1_189' title='bbox 714 3063 909 3124; x_wconf 88' lang='lat' dir='ltr'><strong>iudicandam</strong></span> <span class='ocrx_word' id='word_1_190' title='bbox 930 3068 1064 3148; x_wconf 82' lang='lat' dir='ltr'><strong>cepisse,</strong></span> <span class='ocrx_word' id='word_1_191' title='bbox 1088 3087 1234 3126; x_wconf 86' lang='lat' dir='ltr'><strong>amoven-</strong></span> <span class='ocrx_word' id='word_1_192' title='bbox 1256 3088 1262 3152; x_wconf 54' lang='lat'><strong>¹.</strong></span> 
     </span>
    </p>
   </div>
   <div class='ocr_carea' id='block_1_6' title="bbox 124 3173 1233 3365">
    <p class='ocr_par' dir='ltr' id='par_1_11' title="bbox 124 3173 1233 3365">
     <span class='ocr_line' id='line_1_26' title="bbox 124 3173 1233 3252; baseline -0.001 -18"><span class='ocrx_word' id='word_1_193' title='bbox 124 3182 170 3247; x_wconf 73' lang='lat'><strong>25</strong></span> <span class='ocrx_word' id='word_1_194' title='bbox 193 3175 266 3235; x_wconf 88' lang='lat' dir='ltr'><strong>dum</strong></span> <span class='ocrx_word' id='word_1_195' title='bbox 286 3177 316 3234; x_wconf 93' lang='lat' dir='ltr'><strong>in</strong></span> <span class='ocrx_word' id='word_1_196' title='bbox 341 3173 470 3234; x_wconf 89' lang='lat' dir='ltr'><strong>insulam</strong></span> <span class='ocrx_word' id='word_1_197' title='bbox 491 3175 630 3248; x_wconf 86' lang='lat' dir='ltr'><strong>censuit,</strong></span> <span class='ocrx_word' id='word_1_198' title='bbox 654 3182 739 3232; x_wconf 86' lang='lat' dir='ltr'><strong>tanta</strong></span> <span class='ocrx_word' id='word_1_199' title='bbox 760 3174 957 3234; x_wconf 86' lang='lat' dir='ltr'><strong>contentione</strong></span> <span class='ocrx_word' id='word_1_200' title='bbox 986 3173 1104 3252; x_wconf 83' lang='lat' dir='ltr'><strong>animi,</strong></span> <span class='ocrx_word' id='word_1_201' title='bbox 1135 3184 1171 3234; x_wconf 88' lang='lat' dir='ltr'><strong>ut</strong></span> <span class='ocrx_word' id='word_1_202' title='bbox 1203 3185 1233 3235; x_wconf 90' lang='lat' dir='ltr'><strong>et</strong></span> 
     </span>
     <span class='ocr_line' id='line_1_27' title="bbox 188 3279 1232 3365; baseline 0 -21"><span class='ocrx_word' id='word_1_203' title='bbox 188 3283 321 3344; x_wconf 86' lang='lat' dir='ltr'><strong>iurando</strong></span> <span class='ocrx_word' id='word_1_204' title='bbox 339 3283 544 3364; x_wconf 81' lang='lat' dir='ltr'><strong>obstringeret</strong></span> <span class='ocrx_word' id='word_1_205' title='bbox 570 3303 588 3342; x_wconf 89' lang='lat' dir='ltr'><strong>e</strong></span> <span class='ocrx_word' id='word_1_206' title='bbox 613 3279 790 3364; x_wconf 84' lang='lat' dir='ltr'><strong>republica</strong></span> <span class='ocrx_word' id='word_1_207' title='bbox 815 3281 847 3342; x_wconf 92' lang='lat' dir='ltr'><strong>id</strong></span> <span class='ocrx_word' id='word_1_208' title='bbox 873 3303 950 3344; x_wconf 88' lang='lat' dir='ltr'><strong>esse.</strong></span> <span class='ocrx_word' id='word_1_209' title='bbox 1001 3283 1093 3360; x_wconf 84' lang='lat' dir='ltr'><strong>Quod</strong></span> <span class='ocrx_word' id='word_1_210' title='bbox 1126 3304 1232 3365; x_wconf 84' lang='lat' dir='ltr'><strong>aspere</strong></span> 
     </span>
    </p>
   </div>
   <div class='ocr_carea' id='block_1_7' title="bbox 187 3425 409 3437">
    <p class='ocr_par' dir='ltr' id='par_1_12' title="bbox 187 3425 409 3437">
     <span class='ocr_line' id='line_1_28' title="bbox 187 3425 409 3437; baseline -0.009 -2"><span class='ocrx_word' id='word_1_211' title='bbox 187 3425 336 3437; x_wconf 44' lang='grc' dir='ltr'><strong>-.-ιώ-..-</strong></span> <span class='ocrx_word' id='word_1_212' title='bbox 341 3425 409 3434; x_wconf 60' lang='grc' dir='ltr'>...ο-,4</span> 
     </span>
    </p>
   </div>
   <div class='ocr_carea' id='block_1_8' title="bbox 181 3449 1344 4014">
    <p class='ocr_par' dir='ltr' id='par_1_13' title="bbox 181 3449 1344 4014">
     <span class='ocr_line' id='line_1_29' title="bbox 260 3449 1233 3548; baseline -0.002 -22"><span class='ocrx_word' id='word_1_213' title='bbox 260 3491 298 3526; x_wconf 81' lang='lat' dir='ltr'><strong>rr.</strong></span> <span class='ocrx_word' id='word_1_214' title='bbox 316 3493 441 3548; x_wconf 78' lang='lat' dir='ltr'><strong>unquam</strong></span> <span class='ocrx_word' id='word_1_215' title='bbox 467 3475 510 3526; x_wconf 86' lang='lat' dir='ltr'><strong>M:</strong></span> <span class='ocrx_word' id='word_1_216' title='bbox 541 3491 686 3545; x_wconf 78' lang='lat' dir='ltr'><strong>nunquam</strong></span> <span class='ocrx_word' id='word_1_217' title='bbox 720 3449 874 3526; x_wconf 81' lang='lat' dir='ltr'><strong>Beroaldus.</strong></span> <span class='ocrx_word' id='word_1_218' title='bbox 919 3475 1047 3528; x_wconf 79' lang='lat' dir='ltr'><strong>Fortasse</strong></span> <span class='ocrx_word' id='word_1_219' title='bbox 1071 3471 1161 3526; x_wconf 80' lang='lat' dir='ltr'><strong>&#39;l&#39;aeiti</strong></span> <span class='ocrx_word' id='word_1_220' title='bbox 1189 3481 1233 3526; x_wconf 80' lang='lat' dir='ltr'><strong>est</strong></span> 
     </span>
     <span class='ocr_line' id='line_1_30' title="bbox 187 3565 1227 3643; baseline 0.008 -29"><span class='ocrx_word' id='word_1_221' title='bbox 187 3567 264 3635; x_wconf 87' lang='lat' dir='ltr'><strong>quod</strong></span> <span class='ocrx_word' id='word_1_222' title='bbox 285 3565 445 3624; x_wconf 81' lang='lat' dir='ltr'><strong>dubitanter</strong></span> <span class='ocrx_word' id='word_1_223' title='bbox 463 3569 608 3638; x_wconf 81' lang='lat' dir='ltr'><strong>preposuit</strong></span> <span class='ocrx_word' id='word_1_224' title='bbox 625 3567 785 3633; x_wconf 67' lang='lat' dir='ltr'><strong>betleem,</strong></span> <span class='ocrx_word' id='word_1_225' title='bbox 812 3583 842 3624; x_wconf 83' lang='lat' dir='ltr'><strong>et</strong></span> <span class='ocrx_word' id='word_1_226' title='bbox 867 3588 904 3625; x_wconf 76' lang='lat' dir='ltr'><strong>ue</strong></span> <span class='ocrx_word' id='word_1_227' title='bbox 923 3571 1022 3642; x_wconf 80' lang='lat' dir='ltr'><strong>poenis</strong></span> <span class='ocrx_word' id='word_1_228' title='bbox 1048 3568 1156 3643; x_wconf 83' lang='lat' dir='ltr'><strong>quidem</strong></span> <span class='ocrx_word' id='word_1_229' title='bbox 1175 3588 1227 3622; x_wconf 74' lang='lat' dir='ltr'><strong>ran·</strong></span> 
     </span>
     <span class='ocr_line' id='line_1_31' title="bbox 186 3671 1344 3732; baseline 0.004 -23"><span class='ocrx_word' id='word_1_230' title='bbox 186 3677 279 3732; x_wconf 79' lang='lat' dir='ltr'><strong>quatu.</strong></span> <span class='ocrx_word' id='word_1_231' title='bbox 1339 3671 1344 3703; x_wconf 74' lang='lat' dir='ltr'><strong>t</strong></span> 
     </span>
     <span class='ocr_line' id='line_1_32' title="bbox 258 3738 1261 3820; baseline 0.002 -12"><span class='ocrx_word' id='word_1_232' title='bbox 258 3773 302 3815; x_wconf 78' lang='lat' dir='ltr'><strong>ur.</strong></span> <span class='ocrx_word' id='word_1_233' title='bbox 319 3756 500 3812; x_wconf 80' lang='lat' dir='ltr'><strong>eluctantium</strong></span> <span class='ocrx_word' id='word_1_234' title='bbox 520 3755 686 3820; x_wconf 75' lang='lat' dir='ltr'><strong>verisnam,</strong></span> <span class='ocrx_word' id='word_1_235' title='bbox 713 3759 728 3809; x_wconf 82' lang='lat' dir='ltr'><strong>i.</strong></span> <span class='ocrx_word' id='word_1_236' title='bbox 752 3773 776 3816; x_wconf 84' lang='lat' dir='ltr'><strong>e,</strong></span> <span class='ocrx_word' id='word_1_237' title='bbox 797 3773 856 3810; x_wconf 75' lang='lat' dir='ltr'><strong>crim</strong></span> <span class='ocrx_word' id='word_1_238' title='bbox 880 3757 1040 3813; x_wconf 70' lang='lat' dir='ltr'><strong>difficilitate</strong></span> <span class='ocrx_word' id='word_1_239' title='bbox 1058 3769 1086 3814; x_wconf 90' lang='lat' dir='ltr'><strong>et</strong></span> <span class='ocrx_word' id='word_1_240' title='bbox 1108 3751 1229 3814; x_wconf 80' lang='lat' dir='ltr'><strong>molini·</strong></span> <span class='ocrx_word' id='word_1_241' title='bbox 1257 3738 1261 3757; x_wconf 69' lang='lat'><strong><em>¹</em></strong></span> 
     </span>
     <span class='ocr_line' id='line_1_33' title="bbox 184 3830 1228 3910; baseline 0.01 -11"><span class='ocrx_word' id='word_1_242' title='bbox 184 3865 220 3900; x_wconf 82' lang='lat' dir='ltr'><strong>ne</strong></span> <span class='ocrx_word' id='word_1_243' title='bbox 240 3852 398 3902; x_wconf 75' lang='lat' dir='ltr'><strong>exeuntium</strong></span> <span class='ocrx_word' id='word_1_244' title='bbox 421 3869 452 3903; x_wconf 80' lang='lat' dir='ltr'><strong>ex</strong></span> <span class='ocrx_word' id='word_1_245' title='bbox 467 3871 513 3904; x_wconf 87' lang='lat' dir='ltr'><strong>ore</strong></span> <span class='ocrx_word' id='word_1_246' title='bbox 533 3830 688 3910; x_wconf 79' lang='lat' dir='ltr'><strong>verborum.</strong></span> <span class='ocrx_word' id='word_1_247' title='bbox 736 3853 794 3906; x_wconf 85' lang='lat' dir='ltr'><strong>Illis</strong></span> <span class='ocrx_word' id='word_1_248' title='bbox 814 3854 929 3906; x_wconf 84' lang='lat' dir='ltr'><strong>vinculis</strong></span> <span class='ocrx_word' id='word_1_249' title='bbox 948 3854 1029 3908; x_wconf 76' lang='lat' dir='ltr'><strong>verba</strong></span> <span class='ocrx_word' id='word_1_250' title='bbox 1049 3854 1107 3908; x_wconf 86' lang='lat' dir='ltr'><strong>eius</strong></span> <span class='ocrx_word' id='word_1_251' title='bbox 1128 3859 1228 3910; x_wconf 51' lang='lat' dir='ltr'><strong>sollum¹</strong></span> 
     </span>
     <span class='ocr_line' id='line_1_34' title="bbox 181 3946 691 4014; baseline 0.004 -18"><span class='ocrx_word' id='word_1_252' title='bbox 181 3951 260 3996; x_wconf 82' lang='lat' dir='ltr'><strong>erant</strong></span> <span class='ocrx_word' id='word_1_253' title='bbox 272 3971 283 4006; x_wconf 54' lang='lat' dir='ltr'><strong>s</strong></span> <span class='ocrx_word' id='word_1_254' title='bbox 295 3947 422 4014; x_wconf 84' lang='lat' dir='ltr'><strong>quotiens</strong></span> <span class='ocrx_word' id='word_1_255' title='bbox 444 3946 609 4000; x_wconf 82' lang='lat' dir='ltr'><strong>subveniret.</strong></span> <span class='ocrx_word' id='word_1_256' title='bbox 685 3961 691 3970; x_wconf 85' lang='lat'>·</span> 
     </span>
    </p>
   </div>
   <div class='ocr_carea' id='block_1_9' title="bbox 163 4037 877 4122">
    <p class='ocr_par' dir='ltr' id='par_1_14' title="bbox 163 4037 877 4122">
     <span class='ocr_line' id='line_1_35' title="bbox 163 4037 877 4122; baseline 0.003 -28"><span class='ocrx_word' id='word_1_257' title='bbox 163 4049 173 4057; x_wconf 74' lang='grc'><strong>“</strong></span> <span class='ocrx_word' id='word_1_258' title='bbox 252 4041 297 4094; x_wconf 75' lang='lat'><strong>25.</strong></span> <span class='ocrx_word' id='word_1_259' title='bbox 313 4037 453 4122; x_wconf 74' lang='lat' dir='ltr'><strong>eiurnrrdn</strong></span> <span class='ocrx_word' id='word_1_260' title='bbox 469 4041 512 4096; x_wconf 81' lang='lat' dir='ltr'><strong>nt:</strong></span> <span class='ocrx_word' id='word_1_261' title='bbox 532 4055 558 4094; x_wconf 83' lang='lat' dir='ltr'><strong>et</strong></span> <span class='ocrx_word' id='word_1_262' title='bbox 577 4038 699 4094; x_wconf 80' lang='lat' dir='ltr'><strong>iurando</strong></span> <span class='ocrx_word' id='word_1_263' title='bbox 718 4040 877 4098; x_wconf 74' lang='lat' dir='ltr'><strong>uersutus.</strong></span> 
     </span>
    </p>
   </div>
   <div class='ocr_carea' id='block_1_10' title="bbox 0 0 1441 4726">
    <p class='ocr_par' dir='ltr' id='par_1_15' title="bbox 0 0 1441 4726">
     <span class='ocr_line' id='line_1_36' title="bbox 0 0 1441 4726; baseline 0 0"><span class='ocrx_word' id='word_1_264' title='bbox 0 0 1441 4726; x_wconf 95' lang='lat' dir='ltr'><strong> </strong></span> 
     </span>
    </p>
   </div>
  </div>
 </body>
</html>
