2826 4730
173 407 228 468 Est
251 406 306 466 tibi
330 407 485 488 Augustae
506 407 704 482 conscientia,
728 417 773 466 est
795 405 932 466 Caesaris
957 407 1072 484 favor,
1108 409 1161 470 sed
1183 407 1244 478 inu
1261 409 1290 460 C·
1303 409 1353 478 tu)

172 517 308 588 occult03
338 527 367 578 et
394 515 507 594 perisse
535 514 750 574 Germanicum
778 512 855 574 nulli
884 517 1043 575 iactantius
1075 526 1209 578 maerent

35 175 42 297 l
479 224 553 318 ur.
579 227 613 284 n.
660 222 897 292 carasca
991 321 993 337 Ι
1155 231 1213 332 ne

34 397 36 452 l

33 483 35 552 l

120 628 262 716 ngmm
294 626 345 706 qui
377 624 506 684 maxime
539 623 725 686 laetantur.“
784 623 872 683 Haud
894 645 1001 708 magua
1029 623 1107 685 mole
1137 625 1209 686 Piso
1306 697 1308 702 Ι

169 742 330 812 peremptus
353 732 504 792 l'ertsibus
531 731 559 790 in
595 734 776 792 sententiam
807 731 959 810 tralritur;
982 733 1139 812 missisque
1171 733 1211 793 ad

133 847 150 910 5
171 839 332 900 Tiberium
353 836 488 918 epistulis
512 839 628 898 incusat
644 838 861 900 Germanicum
878 839 964 898 luxus
984 849 1014 898 et
1035 837 1210 919 superbiae;

167 966 259 1027 seque
279 931 466 1027 pulsantum
486 945 570 1005 loeus
587 945 679 1006 rebus
698 947 784 1005 novis
802 946 974 1026 patefieret,
999 967 1106 1008 curam
1121 967 1208 1006 exer-

167 1055 243 1114 citus
264 1056 368 1116 eadem
390 1054 449 1115 fide
473 1077 532 1136 qua
556 1055 689 1116 tenuerit
709 1055 897 1136 repetivisse.
921 1053 1018 1116 Simul
1038 1055 1210 1145 Domitium

167 1167 339 1244 impositum
361 1164 482 1224 triremi
512 1165 609 1224 vitare
635 1163 773 1224 littorum
798 1185 904 1241 oram,
930 1174 1110 1245 praeterque
1135 1164 1210 1222 insu-

167 1271 291 1332 las·lato
313 1271 390 1331 mari
410 1287 532 1352 pergere
554 1271 585 1328 in
610 1270 730 1330 Suriam
754 1269 849 1330 iubet.
904 1269 1127 1329 Concurrentes
1157 1269 1210 1328 de·

116 1401 149 1440 to
169 1389 300 1440 seriores
321 1401 376 1459 per
400 1377 571 1460 manipulos
591 1379 884 1460 componit,=armot
905 1375 988 1454 liras,
1010 1380 1210 1458 traiectisque

28 1555 33 1563 Ι
67 1483 68 1486 “
158 1489 198 1546 'in
220 1487 426 1548 continentem
449 1485 578 1546 navibus
600 1486 743 1548 vexillum
766 1488 901 1546 tironum
933 1489 964 1545 in
987 1467 1110 1544 Suriam
1132 1507 1209 1548 eun-

166 1595 244 1654 tium
267 1597 431 1676 intercipit.
475 1593 597 1676 Regulis
617 1593 745 1654 Cilicum
762 1637 778 1674 ,¹
793 1605 827 1653 ut
849 1614 879 1653 se
911 1593 1029 1657 auxiliis
1055 1594 1205 1668 iuvarent,

165 1705 295 1777 scribit,
318 1702 400 1762 haud
423 1704 534 1780 ignavo
566 1700 605 1762 ad
630 1703 797 1762 ministeria
832 1700 904 1760 belli
927 1705 1045 1761 'iuvene
1071 1701 1207 1777 Pisone,

111 1807 341 1892 79quanquam
374 1810 598 1890 suscipiendum
635 1809 749 1870 bellum
788 1811 952 1872 abnuisset.
997 1809 1094 1892 Igitur
1121 1832 1207 1871 oram

111 1909 143 1970 ¹5
164 1920 275 2000 Lyciae
305 1939 339 1978 ac
359 1917 558 1998 Pampyhliae
585 1917 812 2000 praelegentes,
844 1919 940 1980 obviis
973 1911 1102 1980 navibus
1129 1941 1206 2000 quae

163 2027 369 2108 Agrippinam
391 2029 563 2105 vehebant,
586 2030 729 2111 utrinque
750 2026 858 2087 infensi
879 2047 963 2088 arma
996 2017 1094 2109 pr'irm
1116 2047 1207 2108 erpe-

162 2135 264 2195 diere:
290 2134 359 2194 dein
385 2145 492 2194 mutua
507 2135 673 2196 formidine
695 2155 757 2196 non
780 2134 860 2196 ultra
873 2135 1009 2218 iurgium
1029 2153 1207 2218 processum

162 2253 224 2318 est,
248 2243 432 2325 Marsusque
454 2243 565 2304 Vibius
592 2246 749 2306 nuntiavit
777 2245 901 2320 Pisoni,
931 2245 1059 2314 Romam
1088 2243 1126 2302 ad
1158 2243 1206 2302 di·

163 2349 290 2410 cendam
313 2369 433 2410 cansam
456 2353 583 2410 veniret.
628 2349 681 2411 llle
705 2348 832 2411 eludens
851 2349 1008 2434 respondit
1029 2347 1205 2426 afflatorum,
1255 2419 1257 2432 Ι

106 2479 145 2520 au
167 2455 219 2516 ubi
243 2467 387 2538 praetor,
413 2458 467 2538 qui
489 2457 527 2516 de
549 2458 703 2518 ueneficiis
721 2469 902 2539 qiraereret,
924 2478 976 2516 reo
997 2467 1089 2538 atque
1112 2477 1205 2517 aceu-

163 2564 314 2625 sntdribus
332 2565 413 2626 diem
449 2565 658 2646 praedixisset.
704 2565 833 2626 interim
853 2567 1006 2625 Domitius
1028 2565 1203 2626 Laodiciam

162 2673 269 2733 urbem
292 2671 400 2755 Suriae
420 2669 588 2752 appulsus,
611 2689 680 2728 cum
704 2669 833 2730 hiberna
854 2681 955 2731 sextae
975 2669 1101 2751 legionis
1122 2682 1203 2751 pete·

162 2791 235 2856 ret,
258 2780 340 2861 quod
362 2799 428 2838 eam
452 2777 580 2836 maxime
611 2777 698 2836 nouis
728 2772 859 2834 consiliis
891 2776 1030 2834 idoneam
1061 2775 1202 2849 rebatur,

160 2911 178 2947 a
202 2889 336 2950 Pacuvio
361 2885 692 2968 legatopraeveuitur.
737 2881 770 2940 ld
794 2881 920 2942 Sentius
949 2881 1056 2942 Pisoni
1077 2903 1130 2963 per
1150 2873 1228 2942 lit·'

75 3016 78 3028 ·
161 3003 239 3054 teras
274 2993 371 3074 aperit
400 3001 584 3072 monetque,
612 3011 649 3049 ue
670 2999 767 3049 castra
796 2989 1046 3070 corruptoribus,
1074 3008 1112 3046 ne
1129 3007 1201 3070 pro·

162 3181 419 3194 *ι’-κ

233 3286 263 3334 ι8
295 3279 403 3352 Vibius}
422 3281 542 3332 vibimus
562 3281 608 3339 M,
632 3281 704 3330 uuile
728 3281 842 3332 Vilicus
863 3281 1017 3334 Beroaldus.

229 3391 270 3426 ao.
291 3389 414 3445 praetor,
436 3378 486 3446 qui
505 3375 537 3428 de
557 3376 698 3446 sacrefictis
717 3375 874 3446 quaereret]
904 3377 983 3428 detio
1002 3377 1128 3428 veneficii
1144 3396 1198 3433 non
1279 3412 1288 3418 -

160 3476 319 3538 apraetore
337 3469 366 3520 iu
386 3471 444 3522 foro
454 3506 463 3531 ,
484 3477 514 3520 ut
532 3469 619 3522 libera
643 3472 772 3532 civitate,
792 3469 839 3522 sed
858 3471 930 3538 apud
951 3479 1040 3540 patres
1056 3482 1199 3540 praesente

125 3574 126 3586 ¹
159 3563 282 3632 principe
300 3563 475 3616 tractabatur.
493 3549 496 3553 ’
513 3565 573 3616 Piso
594 3567 677 3632 igitur
699 3567 763 3615 dum
786 3563 853 3614 baec
875 3565 956 3615 iactat
982 3567 1095 3619 eludens
1115 3570 1198 3637 probe

159 3658 294 3711 sciebata
322 3647 447 3723 praetore
477 3657 550 3708 illam
568 3651 709 3710 'actionem
737 3658 789 3708 sibi
816 3655 923 3709 intendi
950 3675 1004 3709 airu
1035 3677 1120 3726 posse,
1160 3665 1200 3714 lu

122 3773 126 3798 i
159 3752 241 3803 huius
261 3751 312 3802 loci
329 3767 437 3802 scissum
453 3757 532 3802 acute
555 3756 686 3822 explicuit
707 3752 855 3806 Walcliius·
871 3753 903 3803 at
925 3753 993 3820 tgr-ir
1022 3754 1036 3802 i.
1059 3757 1164 3822 poss.

189 3864 266 3918 ῳι.
289 3843 452 3898 Laodiciam
473 3865 505 3928 ea
523 3849 560 3908 tt,
580 3827 831 3905 dedit‘ltellerus:
855 3843 924 3919 rulg'
955 3846 1130 3908 hattdt'Ctssm,
