2862 4726
261 295 322 362 aar
412 360 416 366 ,
452 281 492 388 J.
657 295 878 356 eruamur

119 493 143 560 (a
165 475 466 563 C-tr.)efiirgerunt.’'
508 484 597 544 Tunc
617 479 769 561 singulos,
804 493 838 542 ut
875 484 983 566 cuique
1013 485 1149 547 assistere
1182 459 1321 567 alloquii

229 641 232 660 ,
264 591 384 650 animus
404 601 478 661 erat,
504 591 635 650 retinens
658 599 711 650 aut
733 593 891 653 dimittens
910 606 1026 674 partem
1045 594 1104 676 diei
1122 594 1295 673 absumpsit,

213 689 216 695 ¹
264 697 421 780 multoque
443 695 540 756 adbuc
564 707 673 773 coetu,
696 707 728 758 et
747 702 863 760 cunctis
886 701 1068 784 intrepidum
1093 701 1211 780 vultum
1236 703 1296 760 eius

262 805 491 884 spectantibus,
518 823 589 862 cum
619 825 772 886 superesse
791 797 911 888 tempus
933 807 1101 872 novissimis
1123 811 1296 885 crederent,
1333 805 1340 816 ’

263 911 363 991 gladio
386 933 474 993 quem
496 911 564 971 sinu
589 913 748 975 abdiderat
771 917 920 976 incubuit.
966 904 1071 1000 Neque
1096 920 1206 980 Caesar
1228 915 1293 977 ullis
1315 911 1335 976 5

160 1027 163 1031 '
263 1021 443 1082 criminibus
463 1031 515 1079 aut
536 1023 657 1102 probris
679 1023 857 1084 defunctum
886 1030 1051 1088 insectatus
1085 1039 1151 1106 est,
1174 1048 1242 1085 cum
1267 1025 1296 1083 in
1323 1099 1328 1106 ι

262 1127 401 1188 Blaesum
414 1123 518 1215 ,multa
546 1125 693 1208 foedaque
723 1130 931 1190 incusavisset.
988 1131 1125 1192 Relatum
1159 1121 1231 1192 iride
1263 1121 1328 1200 de8

262 1233 374 1296 Publio
397 1231 520 1294 Vitellio
542 1247 572 1295 et
593 1237 764 1318 Pomponio
786 1239 934 1300 Secundo.
981 1241 1070 1300 Illum
1097 1241 1214 1301 indices
1247 1263 1296 1301 ar·

263 1341 397 1420 gueb'ant
417 1342 549 1406 claustra
577 1349 697 1424 aerarii,
720 1348 770 1407 cui
791 1351 961 1430 praefectus
984 1363 1067 1429 erat,
1090 1363 1120 1412 et
1141 1337 1298 1420 militarem

168 1500 171 1508 ,
262 1449 423 1530 pecuniam
447 1451 540 1513 rebus
561 1456 648 1514 novis
669 1455 837 1518 obtulisse:
860 1455 932 1516 huic
952 1477 968 1514 a
989 1456 1133 1516 Considio
1158 1466 1298 1538 praetura
1325 1472 1354 1510 ιο

264 1557 368 1618 functo
392 1559 603 1623 obiectabatur
627 1563 705 1624 Aelii
729 1563 808 1624 Galli
828 1565 979 1634 amicitia,
1002 1565 1054 1644 qui
1085 1565 1192 1646 punito
1219 1563 1299 1622 Seia-

265 1684 305 1722 uo
335 1665 365 1722 in
383 1664 506 1738 ,phortos
535 1669 699 1750 Pomponii
731 1672 816 1750 quasi
853 1670 1033 1750 fidissimum
1066 1671 1104 1730 ad
1135 1671 1300 1732 subsidium

214 1833 220 1842 ,
263 1770 456 1854 perfugisset.
498 1773 603 1856 Neque
624 1775 710 1836 aliud
749 1773 993 1857 periclitantibus
1021 1775 1122 1835 auxilii
1153 1799 1243 1858 quam
1271 1779 1300 1836 in

164 1915 165 1922 κ
266 1881 399 1940 fratrum
421 1887 593 1946 constantia
612 1883 695 1957 fuit,
718 1889 770 1965 qui
793 1885 887 1944 vades
909 1884 1055 1944 exstitere.
1101 1887 1303 1954 Monerebris

233 1984 236 1992 ’
264 1988 487 2071 prolationibus
506 2010 589 2071 spem
608 2000 786 2048 ‘acinetum
805 1989 885 2048 iuxta
912 2000 1054 2071 gravatus
1075 1987 1227 2064 Vitellius,
1249 2011 1301 2070 pe-
1328 1987 1359 2051 15

264 2098 322 2157 tito
349 2119 403 2179 per
421 2099 551 2180 speeiem
572 2097 743 2157 studiorum
765 2097 882 2178 scalpro
904 2081 1001 2159 levem
1024 2101 1115 2156 ictum
1146 2101 1231 2156 venis
1258 2099 1305 2156 in·
1353 2129 1357 2136 ·

158 2215 162 2222 '
266 2188 507 2288 talit,vilamque
526 2207 824 2288 aegritudinoanimi
838 2208 945 2271 linivit.
964 2207 1006 2266 Ar
1018 2183 1203 2286 Pomponius
1212 2204 1306 2264 multa

267 2335 387 2375 morum
411 2313 557 2396 elegantia
582 2323 610 2378 et
636 2314 755 2395 ingenio
779 2313 911 2392 illustri,
935 2315 1007 2372 duni
1031 2313 1190 2372 adversam
1207 2311 1306 2370 fortu-
1352 2313 1357 2325 “

270 2443 341 2482 nam
367 2439 480 2502 aequus
502 2419 622 2500 tolerat,
645 2413 770 2481 Tiberio
794 2431 945 2502 superstes
966 2421 1035 2494 fuit,
1059 2418 1211 2479 Placitum
1227 2422 1334 2502 post-9

269 2531 353 2606 liae,
375 2541 409 2590 ut
431 2531 461 2588 in
484 2527 614 2614 reliquos
633 2529 735 2589 Seiani
758 2529 869 2611 liberos
888 2525 1105 2606 adverteretur,
1125 2541 1304 2592 vanescente
1324 2545 1357 2582 20

269 2661 443 2724 quanquam
467 2637 563 2720 plebis
588 2640 629 2698 ira
654 2661 687 2698 ac
710 2639 861 2722 plerisque
884 2661 940 2720 per
962 2641 1064 2722 priora
1084 2635 1233 2718 supplicia
1261 2637 1310 2698 le.

157 2811 163 2832 Ι
268 2749 349 2811 uitis,
394 2749 490 2830 luitur
509 2755 671 2828 portantur
699 2750 729 2808 in
763 2770 935 2821 carcerem,
970 2746 1049 2808 filius
1084 2745 1307 2806 imminentium

208 2845 213 2857 ’
269 2854 465 2934 intelligens,
494 2851 595 2932 puella
632 2853 707 2913 adeo
741 2858 840 2914 nescia
874 2865 908 2914 ut
944 2853 1051 2912 crebro
1089 2853 1308 2935 interrogaret,

269 2963 354 3045 quod
374 2963 414 3022 ob
429 2961 571 3022 delictam
592 2973 622 3023 et
644 2984 705 3046 quo
725 2963 912 3038 traheretur,
938 2983 1034 3044 neque
1057 2959 1202 3020 facturam
1228 2959 1306 3027 ultra

271 3083 299 3131 et
319 3091 407 3152 posse
428 3093 461 3130 so
481 3071 590 3153 puerili
616 3073 745 3133 verbere
767 3047 894 3130 moneri.
917 3071 1057 3134 Tradunt
1078 3071 1221 3150 temporis
1242 3069 1306 3126 eius
1325 3058 1360 3119 25

271 3191 411 3240 arrctores
431 3180 501 3260 quia
524 3179 703 3241 triumvirali
726 3179 875 3262 supplicio
899 3179 978 3240 affici
1008 3162 1169 3261 virginem
1189 3175 1307 3236 inaudi-

272 3297 337 3343 tum
360 3284 547 3362 labebatur,
578 3309 594 3345 a
627 3285 766 3346 carnifice
798 3283 938 3366 laqueum
970 3285 1049 3344 iuxta
1082 3305 1308 3366 compressam,
1410 3316 1411 3328 κ

275 3508 359 3564 iectu.

1373 3280 1397 3346 ‘l

273 3397 339 3453 exin
363 3391 466 3453 oblisis
497 3390 635 3454 faucibus
655 3393 683 3452 id
716 3397 823 3454 aetatis
847 3391 978 3475 corpora
1011 3396 1040 3450 iu
1064 3393 1228 3452 Gemonias
1253 3389 1307 3450 ab·
1407 3329 1414 3541 ,l

1409 3547 1414 3595 l

358 3611 516 3672 Paridem
541 3621 658 3690 tempus
678 3610 747 3668 Asia
777 3619 868 3691 atque
900 3607 1013 3666 Achaia
1048 3609 1210 3698 exterritae
1240 3597 1365 3677 suntlss
1409 3628 1412 3684 3

260 3721 338 3778 'acri
378 3724 470 3803 magis
498 3705 592 3800 apuam
619 3717 767 3776 diuturno
799 3737 941 3788 rumore,
978 3717 1110 3782 Drusum
1140 3711 1307 3777 Germanici
1410 3727 1411 3733 ¹

276 3853 564 3872 mun-..mm

338 3931 385 3990 ‘n-
409 3939 480 3990 Vetti
499 3940 543 3992 M:
562 3940 635 3993 Aelii
654 3943 768 4015 Lipsius.
