2900 4706
469 302 543 362 ern.
569 299 653 364 xlv.
693 297 784 364 etr.
803 301 952 381 elesa,
1007 277 1011 291 ”
1141 243 1203 368 lte

176 486 304 548 obnoxia
322 495 401 548 aunt
443 485 490 548 Ae
512 489 581 550 licet
603 485 696 546 multa
716 483 899 560 videantur,
932 483 1074 566 plerique·
1100 477 1233 554 baud-(⁸
1251 471 1345 548 ΒΜ)

175 613 326 675 quaquam
347 585 463 665 artibus
484 597 552 655 tuis
585 613 671 675 pares
690 591 778 674 plura
799 601 974 657 tenuerunt.
1026 589 1125 654 Pudet
1153 607 1202 646 re«

174 697 254 758 ferre
274 697 450 776 libertinos,
471 700 523 781 qui
553 700 676 760 ditiores
695 707 877 778 spectantur.
898 749 902 760 .
920 695 1013 766 Unde
1035 697 1124 756 etiam
1150 717 1201 756 ru·
1268 711 1277 762 ¹,

174 802 242 878 buri
263 805 337 866 mihi
365 817 409 866 est
446 805 526 886 quod
561 805 739 886 praecipuus
770 804 894 862 caritate
927 799 1063 872 noudum
1096 819 1201 860 omnes

118 907 293 990 56fortnna
314 911 477 974 antecellis.
518 911 637 974 Verum
658 922 688 972 et
707 909 764 971 tibi
792 909 893 970 valida
924 920 1024 983 aetas,
1048 907 1205 988 rebusque

122 1019 124 1024 ’
173 999 204 1079 et
223 1019 336 1080 fructui
354 1041 458 1081 rernm
477 1018 645 1092 sufficiens,
666 1029 697 1078 et
717 1040 773 1080 nos
790 1020 888 1098 prima
901 1017 1019 1098 imperii
1034 1015 1130 1094 spatia
1151 1015 1198 1075 in-
1279 1021 1282 1026 '

172 1125 345 1206 gradimur,
366 1125 521 1188 nisi.iorte
548 1136 601 1186 aut
619 1135 653 1184 te
678 1121 806 1185 Vitellio
837 1135 886 1184 ter
917 1117 1034 1186 consuli
1069 1133 1124 1182 aut
1152 1142 1202 1182 me

77 1293 84 1318 ἱ
171 1207 306 1312 Claudio
321 1231 483 1310 postponis.
525 1231 585 1292 Sed
607 1241 753 1312 qnantum
783 1229 909 1294 Volusio
938 1229 1028 1311 longa
1049 1230 1199 1309 parcimo·
1251 1265 1253 1272 ,

170 1335 222 1397 uia
239 1337 413 1416 quaesivit,
436 1346 554 1397 tantum
583 1341 614 1398 in
642 1348 673 1396 te
698 1357 764 1396 mea
794 1334 961 1396 liberalitas
990 1337 1109 1415 explere
1137 1356 1198 1394 non

118 1457 154 1498 ro
170 1453 279 1523 potest.
322 1444 405 1519 Quin
425 1443 450 1503 si
471 1465 531 1524 qna
550 1444 579 1502 in
602 1441 867 1524 parte'lubricum
895 1439 1112 1507 adolescentiae
1143 1463 1201 1502 noa

170 1559 250 1610 strae
270 1549 410 1626 declinat,
434 1560 790 1629 revocamurnatumque
812 1548 907 1608 robur
928 1547 1063 1610 subsidio
1083 1549 1199 1627 impen-

167 1655 229 1716 sius
249 1656 337 1736 regis.
379 1656 447 1718 Non
479 1666 532 1716 tna
554 1655 740 1730 moderatio,
774 1655 798 1716 si
826 1652 1199 1734 reddiderispecuniam,

167 1761 348 1842 neaemias,
369 1764 394 1822 si
415 1741 574 1844 reliigueris
596 1763 787 1844 principem,
807 1761 862 1824 sed
884 1781 950 1820 mea
974 1764 1111 1832 avaritia,
1135 1783 1199 1822 me*

134 1899 136 1904 v
168 1887 203 1929 ae
223 1869 415 1930 crudelitatis
435 1882 532 1932 metus
561 1872 591 1930 in
615 1891 668 1930 ore
694 1873 831 1930 omniurn
863 1869 1040 1940 versabitur.
1082 1871 1198 1947 Quodsi

114 1973 151 2038 15
171 1977 298 2046 maxime
321 1980 505 2045 continentia
529 1988 581 2038 tua
604 1977 763 2054 laudetur,
787 1989 964 2040 nontamen
986 1979 1113 2058 sapienti
1134 1977 1199 2038 viro

169 2081 311 2144 decorum
333 2085 446 2159 suerit,
471 2085 552 2146 un'de
575 2090 671 2146 amico
693 2069 846 2146 infamiam
876 2097 979 2166 paret,
1006 2086 1084 2162 inde
1104 2085 1198 2167 glori·

167 2199 216 2248 am
238 2191 296 2249 sihi
316 2189 478 2271 recipere.’'
502 2191 556 2250 llis
576 2190 681 2250 adiicit
702 2189 889 2270 complexum
903 2202 938 2261 ¹et
955 2169 1086 2262 oscula,
1102 2189 1197 2253 tanus

167 2306 277 2357 natura
300 2307 330 2356 et
350 2295 571 2358 consuetudine
592 2297 740 2366 exercitus
767 2287 868 2356 velaria
901 2283 1005 2356 odium
1043 2295 1197 2366 fallacibus

165 2398 330 2462 blanditiis.
373 2405 508 2477 Seneca,
531 2379 588 2485 qui
603 2402 670 2464 finis
691 2404 826 2464 omnium
848 2423 927 2466 enmv
941 2402 1115 2464 dominante
1133 2424 1197 2470 serv

110 2531 149 2571 no
170 2527 314 2584 monum,
337 2519 436 2588 grates
458 2509 540 2591 agit:
564 2510 614 2570 sed
641 2503 779 2581 instituta
800 2511 910 2589 prioris
937 2512 1089 2590 potentiae
1112 2531 1194 2570 com*

166 2621 284 2688 mutat,
308 2613 450 2694 prohihet
471 2627 573 2676 coetus
593 2617 805 2688 salutantium,
827 2618 901 2676 vitat
926 2620 1121 2688 comitantes,
1147 2639 1195 2677 ra,

166 2739 220 2780 rus
242 2712 435 2801 perturbem,
457 2723 542 2804 quasi
564 2721 732 2784 valitudine
751 2723 868 2785 infensa
892 2735 943 2784 aut
960 2729 1121 2806 sapientiae
1137 2737 1195 2788 stu·

166 2825 225 2886 diis
248 2827 332 2888 domi
357 2823 551 2890 attineretur.
871 2907 874 2914 Ι

141 2946 164 3025 7
249 2935 395 2998 Permrlso
416 2939 528 2998 Seneca
548 2949 722 3019 promptum
744 2938 800 3000 snit
812 2937 925 3028 Rufum
946 2939 1073 3000 Fenium
1095 2941 1194 3000 immi·

107 3047 149 3109 25
167 3064 261 3103 nuere
282 3042 467 3126 Agrippinae
491 3042 655 3102 amicitiam
677 3043 708 3102 in
731 3063 766 3102 eo
795 3044 1033 3120 criminantibus.
1075 3043 1195 3104 Validi-

165 3172 262 3232 orqne
281 3153 312 3209 in
335 3149 397 3209 dies
421 3147 606 3240 Tigellinus,
630 3161 660 3210 et
678 3150 770 3212 malas
790 3163 883 3228 artes,
905 3152 1013 3234 quibus
1035 3152 1105 3212 solis
1124 3155 1193 3234 pol.

165 3257 274 3334 lebat,
296 3259 438 3339 gratiores
457 3267 561 3334 ratus,
583 3259 606 3318 si
629 3259 795 3338 principem
811 3260 952 3319 societate
978 3259 1123 3320 scelernm
1136 3260 1193 3318 ob·

165 3367 342 3444 stringeret,
377 3374 472 3422 metus
493 3364 556 3422 eins
585 3366 738 3440 rimatur,
758 3374 974 3446 compertoque
998 3365 1140 3424 Plautum
1163 3375 1192 3424 et

165 3467 281 3528 Sullam
314 3455 441 3528 maxime
473 3469 597 3545 timeri,
634 3465 777 3528 Plautum
809 3471 839 3528 in
871 3470 1136 3546 Asiam‚·Sullam
1160 3473 1190 3530 in

110 3589 151 3652 30
173 3573 303 3635 Galliam
326 3563 684 3656 Narbonensem'nuper‚
702 3585 834 3650 amotos,
866 3574 1053 3636 nobilitatem
1087 3599 1190 3638 eornm
1241 3593 1256 3601 ’

168 3692 199 3741 et
220 3681 405 3761 propinquos
427 3681 496 3742 huic
520 3681 654 3743 Orientis
676 3681 719 3742 illi
743 3683 924 3744 Germaniae
944 3669 1089 3746 exercitus
1107 3707 1190 3748 conr-

202 3897 207 3913 *
252 3912 277 3961 9.
300 3895 329 3946 in
346 3911 386 3946 me
405 3911 462 3946 meo
480 3895 590 3948 libertus
608 3897 656 3947 Ma.
