2862 4726
462 343 540 404 Llll.
563 341 618 403 tv.
665 333 754 406 clP.
772 347 910 412 al-w‘tss.
1152 349 1211 416 199

168 528 311 602 evenire,
332 528 382 589 vel
403 527 429 588 si
450 529 569 606 evenit,
594 527 680 590 haud
702 527 848 590 diuturna
869 547 944 590 esse‘
960 499 1068 610 potuit.
1111 526 1246 612 Ιςῐῑιπ(ἂι
1265 527 1294 578 C·
1307 527 1361 597 ’ll

78 634 84 638 ’
165 644 204 693 ut
224 632 299 694 olim
316 632 404 714 plebe
423 633 548 713 valida,
571 633 621 694 vel
644 646 830 717 compatres
853 632 1022 716 pollerent,
1060 637 1213 700 noscenda

166 739 252 822 vulgi
278 750 389 802 natura
414 743 573 824 atquibus
595 742 692 803 modis
716 753 920 825 temperanter
940 741 1134 822 haberetur,
1163 767 1212 807 se·

165 861 318 930 natusque
339 857 370 907 et
393 850 589 929 optimatium
613 851 736 930 ingenia
756 852 809 932 qui
830 850 959 910 maxime
973 846 1212 930 perdidicerant‚

132 933 270 1018 5ealliili
286 965 466 1038 temporum
489 967 520 1017 et
549 957 702 1038 sapientes
734 957 955 1036 credebantur,
989 957 1033 1020 sic
1063 980 1213 1020 converso

164 1076 272 1142 statu,
294 1085 394 1147 neque
411 1065 470 1126 alia
498 1085 532 1126 re
566 1065 723 1142 Romana,
747 1087 840 1147 quam
867 1067 892 1125 si
920 1087 1002 1127 unus
1035 1065 1212 1147 imperitet,

165 1174 242 1234 bace
263 1173 407 1254 conquiri
429 1173 574 1255 tradique
592 1175 624 1232 in
647 1195 714 1235 rem
736 1173 846 1251 fuerit,
870 1175 943 1257 quia
961 1176 1050 1258 pauci
1073 1173 1212 1256 pruden-

164 1287 206 1343 tia
222 1283 349 1344 honesta
371 1282 411 1342 ab
435 1281 648 1358 deterioribus,
672 1276 758 1342 utilia
774 1280 813 1343 ab
832 1284 927 1342 noxiis
940 1282 1129 1360 discernunt,
1149 1281 1213 1363 pln-

165 1412 214 1452 res
235 1391 366 1452 aliorum
383 1393 497 1450 eventis
522 1389 683 1453 docentur.
728 1393 873 1452 Ceterum
899 1402 934 1451 nt
963 1391 1147 1473 profutura,
1171 1395 1212 1452 ita

112 1527 147 1567 ιο
165 1501 327 1561 minimum
350 1501 564 1561 oblectationis
585 1501 730 1566 afferunt.
773 1501 850 1559 Nam
877 1503 952 1582 situs
972 1502 1128 1582 gentium,
1143 1521 1208 1560 'va-

85 1590 89 1596 '
166 1611 291 1669 rietates
312 1607 528 1689 praeliorum,
551 1607 626 1668 clari
647 1609 759 1668 ducum
779 1610 878 1667 exitus
901 1582 1032 1666 relineut
1052 1629 1087 1668 ae
1108 1609 1211 1669 redin-

164 1725 287 1796 tegrant
309 1692 472 1796 legentium
495 1716 651 1776 animum:
675 1736 731 1775 nos
752 1736 841 1774 saeva
862 1716 960 1789 iussa,
983 1715 1142 1772 continuas
1162 1733 1213 1772 ac·

167 1823 355 1896 cusationes,
391 1821 511 1882 fallaces
543 1820 707 1899 amicitias,
739 1822 903 1904 perniciem
938 1821 1148 1902 innocentium
1183 1827 1214 1880 et

168 1929 387 1990 easdemexitn
413 1951 518 1990 causas
536 1919 757 2010 coniungimus,
779 1929 870 1990 obvia
891 1949 993 1988 rernm
1016 1925 1214 1986 similitudine

113 2079 124 2118 ι
132 2057 151 2121 5
169 2049 201 2097 et
222 2041 373 2103 satietate.
415 2039 495 2112 Tum
520 2038 603 2119 quod
623 2038 755 2120 antiquis
777 2038 977 2118 scriptoribus
1000 2034 1213 2094 rarusolttree-

140 2187 143 2194 ι
166 2158 266 2221 tator,
289 2169 388 2229 neque
406 2147 499 2206 refert
531 2149 728 2228 cuiusquam,
757 2148 888 2208 Punicas
917 2147 1109 2206 Romanasve
1135 2143 1213 2202 acies

166 2255 276 2316 laetius
296 2255 458 2315 extuleris:
489 2265 521 2314 at
549 2255 739 2332 multorum,
763 2255 815 2336 qui
836 2235 964 2316 Tiberio
996 2263 1118 2333 regente
1138 2273 1213 2331 poe·

165 2383 239 2422 narn
258 2359 487 2422 vetonfamiam
504 2363 637 2440 subiere,
658 2364 769 2444 posteri
791 2373 923 2425 manent.
953 2361 1059 2442 thue
1083 2341 1213 2419 familiae

135 2502 138 2510 ,
165 2473 251 2552 ipsae
272 2469 332 2530 iam
352 2472 516 2540 exstinctae
534 2473 605 2548 siut,
618 2472 751 2552 reperies
774 2472 828 2553 qui
843 2469 884 2530 ob
903 2467 1135 2530 similitudinem
1153 2487 1213 2528 rno-

175 2641 432 2660 .·---—·u··-—·-⁴-

94 2717 99 2734 ’
165 2733 231 2784 bros
252 2733 380 2800 respexit.
418 2731 500 2786 conf.
520 2747 553 2783 cx
571 2732 627 2782 illis
645 2735 792 2800 praecipue
814 2735 837 2795 l,
855 2750 907 2802 29,
927 2733 968 2800 45.
1009 2718 1104 2805 Itnqim
1126 2753 1212 2806 quar-

164 2841 223 2880 tum
242 2825 381 2898 quoddam
398 2845 486 2898 genus
503 2828 547 2880 rei
562 2828 692 2899 publicae
710 2829 827 2879 maxime
844 2825 1017 2898 probandum
1035 2844 1211 2889 essecenseo,

163 2920 245 2991 quod
265 2939 298 2972 ex
315 2921 359 2972 tis
379 2940 450 2992 quae
468 2924 560 2992 prima
584 2921 646 2975 dixi
670 2921 842 2974 moderatum
865 2936 893 2974 et
918 2923 1082 2992 permixtum
1113 2922 1213 2980 tribus,

165 3019 188 3073 1,
212 3015 257 3077 35,
277 3015 316 3082 54.
356 3017 424 3068 Tum
441 3017 553 3068 Laelius
572 3015 643 3088 quid
661 3029 711 3080 tu,
730 3017 839 3090 inquit,
868 3018 986 3089 Scipio?
1010 3018 1132 3070 etrilus
1153 3017 1213 3070 istie

164 3109 238 3176 quid
255 3110 372 3163 maxime
392 3113 519 3182 protae?
547 3142 581 3154 -
610 3113 692 3166 Recte
716 3115 830 3184 quoeris
850 3113 929 3186 quod
940 3116 1058 3169 maxime
1078 3132 1091 3167 e
1111 3114 1211 3176 tribur,

164 3205 301 3274 quoniam
320 3223 414 3258 eorum
434 3209 539 3260 nullum
560 3209 647 3278 ipsum
665 3227 716 3278 per
737 3226 764 3262 se
783 3224 940 3280 separatum
954 3213 1063 3283 probo,
1098 3223 1211 3275 antepo-

166 3315 259 3370 noque
277 3302 397 3369 singulis
416 3301 506 3365 illud,
524 3301 600 3374 quod
619 3303 771 3372 conflatum
787 3306 877 3370 suerit
897 3315 932 3358 eu
949 3307 1081 3358 omatibus.
1098 3307 1136 3364 Ἰ,
1168 3304 1212 3371 45,

164 3395 211 3460 69.
249 3393 330 3460 Quod
345 3412 405 3446 cum
423 3397 464 3448 ita
481 3385 533 3456 sit,
553 3415 587 3450 ex
607 3397 702 3460 tritam¹
715 3399 814 3466 primis
828 3399 977 3468 generibus
994 3402 1074 3471 longe
1086 3410 1211 3468 praestat

165 3504 229 3566 ntea
252 3492 391 3540 sententia
425 3491 546 3557 regium3
581 3492 660 3557 regio
684 3493 775 3543 euteria
809 3493 864 3562 ipsi
885 3495 1038 3562 praestabit
1056 3492 1101 3554 id,
1135 3489 1213 3566 quod

166 3583 223 3634 crit
242 3597 388 3654 aequatum
408 3597 433 3636 et
453 3598 628 3654 temperatum
651 3603 684 3638 ex
705 3587 792 3638 tribus
813 3587 938 3639 omnibus
958 3580 1057 3642 ¹rerum
1081 3589 1211 3661 pullicu-

165 3677 342 3733 rum‘modis.
960 3681 968 3694 ¹

259 3792 283 3825 π.
302 3771 436 3826 noscendi
453 3775 489 3828 M.

253 3869 279 3916 6.
300 3884 389 3920 rerum
412 3869 454 3920 M:
474 3886 502 3920 rc
522 3871 644 3922 Romana
666 3873 781 3938 liiptins.

237 3963 274 4014 tS·
294 3962 426 4032 infimius
445 3964 489 4019 lli:
508 3964 653 4032 infamiam
676 3967 792 4034 Lipsius.
