2900 4706
267 319 328 414 sle
413 393 417 399 ,
493 325 497 344 ‘
674 334 910 410 ‘rensuum

120 535 147 607 (a
171 535 394 608 c.6n)rmnque
417 526 506 588 fallax
526 526 651 590 ambitio
673 539 728 590 est.
773 531 854 612 Erpa
875 540 1030 611 permotus
1049 529 1084 588 iis
1107 527 1192 588 Nero
1210 547 1299 587 corn-

269 633 355 715 ponit
374 633 413 694 ad
434 633 578 696 Plautum
600 633 739 712 litteras,
759 637 931 698 consuleret
960 637 1053 716 quieti
1075 635 1184 708 urbis,
1209 655 1303 715 seque

269 761 367 824 prave
386 741 609 805 diffamantibus
629 743 843 806 subtraheret:
867 766 931 806 esse
950 741 993 803 illi
1012 765 1067 824 per
1086 743 1186 802 Asmm
1203 743 1303 801 irritos

270 869 373 931 agros,
392 849 423 910 iu
444 851 555 930 quihus
584 859 650 910 tuta
678 863 709 912 et
727 852 881 914 inturbida
911 855 1031 942 inventa
1052 850 1213 914 frueretur.
1255 849 1300 906 lta

270 954 342 1020 illuc
363 957 431 1020 otim
452 961 580 1042 coniuge
594 959 727 1020 Antistia
748 971 778 1020 et
792 961 897 1042 paucis
927 957 1119 1019 familiarium
1148 955 1301 1016 concessit.
1320 961 1340 1021 5

352 1063 454 1130 Isdem,
475 1064 583 1124 diebus
604 1066 696 1124 nimiu
718 1064 807 1126 luxus
827 1065 938 1146 cupido
960 1065 1112 1124 infamiam
1133 1074 1162 1123 et
1182 1065 1303 1144 pericu·

269 1170 336 1236 lum
355 1171 472 1234 Neroni
491 1169 582 1246 tulit,
605 1173 676 1252 quia
697 1171 811 1232 fontem
841 1191 939 1251 aquae
968 1172 1098 1232 Marciae
1127 1168 1167 1250 ad
1195 1167 1302 1227 urbem

253 1263 417 1342 'deductae
445 1281 546 1342 nendo
578 1282 759 1356 incesserat3
786 1279 1006 1361 videbaturque
1038 1289 1124 1360 potus
1151 1295 1254 1336 sacros
1273 1284 1304 1331 et

270 1387 484 1448 caerimoniam
506 1385 564 1448 loci
585 1407 712 1468 corpore
734 1385 797 1446 loto
812 1384 962 1465 polluisse.
1004 1385 1175 1464 Secutaque
1195 1404 1304 1463 anceps

272 1491 407 1554 valitudo
431 1495 511 1556 iram
538 1493 627 1554 deum
645 1493 818 1554 affirmavit.
1189 1508 1195 1516 ·
1328 1510 1364 1551 ro

195 1582 200 1590 ¹
353 1602 398 1663 At
419 1601 554 1663 Corbulo
575 1612 643 1682 post
664 1601 762 1662 deleta
781 1601 925 1682 Artarqta
949 1597 1096 1658 utendum
1117 1597 1231 1672 recenti
1244 1589 1362 1668 tersQS

270 1731 339 1774 rore
362 1719 447 1774 ratus
466 1709 504 1770 ad
529 1709 705 1791 occupanda
729 1711 965 1792 Tigranocerta,
989 1708 1099 1789 quibus
1117 1707 1220 1766 excisis
1241 1723 1306 1764 me-

271 1807 336 1880 tum
357 1818 489 1879 hostium
512 1818 681 1878 intenderet
700 1817 770 1894 vel,
801 1819 825 1877 si
840 1819 1043 1898 pepercisset,
1070 1812 1247 1877 clementiae
1261 1811 1307 1870 fn·

272 1947 353 1986 mem
374 1925 606 2006 adipisceretur,
630 1924 703 1984 illuc
724 1925 844 2005 pergit,
869 1945 930 1983 non
953 1922 1070 1982 infenso
1093 1923 1246 1996 exercitu,
1269 1933 1325 1977 ne‘

134 2099 137 2110 ¹
194 2100 197 2106 ¹
255 2051 355 2114 ‚spem
379 2033 485 2090 veniae
505 2009 664 2107 auferret,
684 2051 782 2110 neque
805 2042 903 2090 tamen
928 2030 1049 2088 remissa
1078 2049 1164 2112 cura,
1186 2047 1301 2108 gnarus
1328 2022 1362 2081 15

273 2137 390 2198 facilem
411 2147 528 2196 mutatu
549 2147 677 2216 gentem,
703 2150 735 2196 ut
754 2159 872 2218 segnem
893 2135 932 2194 ad
952 2136 1093 2216 pericula,
1119 2138 1163 2196 lta
1184 2133 1308 2234 infpdam

221 2230 224 2236 ’
273 2241 313 2304 ad
334 2242 516 2300 occasiones.
561 2240 710 2315 Barbari,
735 2262 792 2322 pro
815 2243 937 2320 ingenio
958 2243 1104 2324 quisque,
1132 2239 1187 2300 ulii·
1206 2259 1309 2321 preces

273 2345 402 2421 offerre,
427 2345 548 2428 quidam
568 2345 702 2406 deserere
724 2351 806 2406 vicos
827 2357 857 2408 et
880 2349 911 2406 in
939 2351 1007 2408 avie
1029 2349 1165 2430 digredi,
1199 2369 1235 2406 ac
1256 2345 1306 2404 fus

276 2473 326 2514 erc
345 2457 397 2534 qui
418 2475 449 2512 se
470 2452 635 2533 speluncis,
657 2462 687 2511 et
709 2454 862 2512 carissima
894 2474 1012 2532 secum,
1046 2455 1202 2514 abderent.
1245 2456 1305 2533 lgi-

274 2569 327 2618 tur
351 2559 410 2618 dux
431 2559 583 2618 Romanus
605 2556 730 2618 diversis
757 2557 894 2635 artibus,
932 2559 1134 2618 misericordia
1165 2560 1307 2618 aduersus
1326 2581 1360 2620 no
1420 2571 1421 2640 J

237 2734 241 2742 x
276 2641 441 2748 supplices,
475 2666 626 2726 celeritate
662 2665 806 2747 adversus
836 2659 999 2748 profugos,
1033 2667 1157 2726 immitis
1185 2667 1221 2726 iis
1257 2669 1307 2746 qui

276 2771 406 2834 latebras
425 2774 677 2851 insederanuora
696 2788 726 2834 et
746 2776 841 2836 exitus
860 2795 1007 2854 specuum
1020 2774 1183 2835 sarmentis
1196 2775 1310 2854 virgul-

276 2883 374 2962 tisque
395 2881 558 2962 completos
579 2883 639 2962 igni
673 2883 783 2942 exurit.
815 2882 915 2962 Atque
931 2859 1016 2940 illum
1036 2881 1109 2940 fines
1130 2903 1199 2942 suos
1218 2899 1309 2962 pone·

215 2999 220 3014 ¹
277 2988 466 3068 gredientem
486 2990 682 3048 incursavere
704 2987 828 3060 Mardi,
850 2987 1016 3049 latrociniis
1038 2987 1165 3064 exerciti
1184 2999 1307 3049 routm-

261 3095 339 3177 'que
359 3099 581 3176 irrumpentem
601 3098 752 3157 montibus
774 3095 910 3175 defensi,
932 3118 1007 3178 quos
1030 3097 1164 3158 Corbulo
1197 3098 1308 3158 immis-
1327 3097 1360 3156 25

278 3206 318 3266 sis
340 3203 461 3264 Hiberis
484 3206 621 3275 vastavit,
646 3203 845 3286 hostilemque
866 3203 1023 3264 audaciam
1044 3216 1168 3266 esterno
1189 3208 1307 3288 sungui-

171 3330 173 3336 ’
279 3334 319 3374 ne
339 3311 421 3372 ultus
443 3322 496 3374 cst.
539 3312 608 3393 lpse
629 3315 835 3394 exercitusque
855 3325 889 3372 ut
909 3311 1001 3391 pullis
1029 3334 1064 3374 ex
1084 3311 1202 3396 praelio
1220 3308 1360 3388 dam-24
1422 3287 1423 3314 l

280 3421 351 3499 nis,
372 3419 417 3478 ita
439 3439 492 3500 per
513 3421 643 3500 inopiam
663 3432 693 3480 et
714 3419 830 3480 labores
852 3420 1052 3502 fatiscebant,
1088 3441 1181 3482 carne
1214 3443 1308 3503 pecu·

284 3571 542 3590 W

347 3693 399 3738 12:
412 3680 499 3751 quieti
517 3679 647 3730 Pichena:
669 3681 743 3752 quiet
763 3679 810 3730 Μ’,

369 3793 393 3842 7.
411 3778 537 3831 Marciae
555 3777 731 3828 Puteolanus:
754 3776 858 3844 margin
885 3775 941 3841 Μῦς
956 3848 959 3853 Ι
976 3784 1031 3830 tum
1058 3797 1083 3848 9.
1101 3781 1157 3832 loto
1180 3779 1306 3848 Lipsius:

283 3872 387 3926 codices
405 3885 469 3925 toto.

355 3970 389 4020 ro.
402 3967 530 4040 facilem]
547 3969 650 4036 faciem
668 3968 717 4020 Mt.
740 3969 867 4020 identat.
891 3967 930 4020 lrr'r
947 3983 994 4036 pro
1015 3969 1059 4018 iis.
