2900 4706
248 271 310 340 406
422 340 425 344 ,
647 263 855 334 arantium

98 455 128 515 (Ι
141 451 232 526 Ma.)
244 455 319 514 sima
340 452 451 538 flagitia
471 467 501 517 et
522 456 679 520 adulteria.
731 458 853 537 Quippe
884 453 992 516 Caesar
1012 455 1087 516 duos
1111 435 1273 536 praetoriis

243 541 421 623 cohortibus
436 563 635 643 imposuerat,
670 563 802 624 Fenium
824 563 937 624 Rufum
972 585 1005 626 ex
1037 562 1120 644 vulgi
1146 561 1268 640 favore,

243 670 400 748 quierem
422 669 648 730 frumentariam
667 669 731 730 sine
753 679 879 750 quaestu
906 669 1073 746 tractabat,
1109 669 1270 729 Sofonium

242 766 449 854 Tigellinum,
470 786 606 836 veterem
627 775 845 856 impudicitiam
876 784 967 856 atque
994 775 1146 835 infamiam
1166 777 1197 834 in
1229 796 1268 834 eo

204 925 205 930 κ
243 859 372 940 secutus.
415 886 513 963 Atque
535 882 577 942 illi
598 905 657 964 pro
679 885 813 964 cognitis'
833 883 969 943 moribus
999 879 1103 956 faeie,
1137 877 1307 944 validior5

170 1041 175 1051 .
240 985 405 1068 Tigellinus
426 991 457 1048 in
479 992 581 1050 animo
600 991 748 1072 principis
769 1000 800 1050 et
813 991 923 1060 intimis
944 989 1124 1050 libidinibus*
1138 1011 1269 1070 assump-

192 1133 196 1148 .
241 1103 301 1170 tus,
323 1115 462 1176 prospera
490 1098 596 1178 populi
628 1107 658 1156 et
680 1095 809 1156 militum
841 1097 919 1158 fama
937 1079 1167 1178 Rufusff'quod
1186 1097 1267 1174 apud

241 1197 393 1259 Neronem
412 1201 574 1262 adversum
601 1202 822 1283 experiebatur.

323 1329 406 1392 Mors
429 1332 517 1391 Burri
541 1333 661 1415 infregit
682 1333 814 1412 Senecae
836 1327 1021 1413 potentiam,
1043 1331 1113 1414 quia
1136 1322 1189 1391 nec
1213 1329 1330 1410 bo-5Q

143 1440 152 1448 “
240 1432 286 1492 nis
305 1434 421 1512 artibus
441 1436 522 1496 idem
543 1439 652 1500 virium
676 1449 742 1498 erat
762 1435 859 1497 altero
880 1437 962 1498 velut
989 1437 1066 1498 duce
1089 1449 1209 1510 amoto,
1236 1451 1267 1498 ct
1294 1455 1330 1494 ιο

239 1539 316 1603 Nero
335 1542 376 1603 ad
399 1542 559 1602 deteriores
579 1542 755 1604 inclinabat.
811 1543 850 1602 Hi
881 1545 971 1604 variis
1006 1545 1267 1606 criminationibus

239 1649 384 1710 Senecam
406 1650 592 1727 adoriuntur,
613 1661 756 1732 tanquam
779 1654 916 1732 ingentes
938 1663 967 1712 et
996 1643 1270 1733 privatum'supra
1307 1631 1350 1722 [J

214 1756 361 1818 modum
385 1769 502 1839 euectae
524 1780 594 1840 opes
616 1759 714 1819 adhuc
730 1771 862 1841 augeret,
885 1762 1025 1842 quodque
1039 1759 1137 1819 studia
1153 1759 1269 1820 civium

239 1860 270 1920 in
291 1882 322 1921 se
342 1873 482 1939 verteret,
502 1862 659 1922 hortorum
672 1885 792 1946 quoque
807 1867 987 1926 amoenitate
1001 1877 1030 1926 et
1043 1864 1187 1926 villarum
1202 1887 1268 1925 ma·

238 1948 406 2046 gnilieeotia
437 1969 521 2045 quasi
557 1971 727 2048 principem
747 1970 1027 2052 supergrederetur.
1072 1972 1269 2032 Obiieiebant
1297 1977 1333 2040 15

239 2071 330 2130 etiam
352 2072 539 2152 eloquentiae
568 2073 688 2135 laudem
720 2077 773 2134 uni
804 2077 859 2137 sibi
885 2081 1048 2156 asciscere,
1070 2093 1100 2139 et
1130 2084 1272 2142 carmina

238 2177 372 2238 erebrius
393 2171 538 2253 factitare,
563 2191 719 2260 postquam
734 2179 849 2242 Neroni
870 2205 957 2243 amor
981 2165 1086 2247 eorum
1109 2191 1269 2254 evenisset.

239 2282 315 2342 Nam
352 2281 577 2345 oblectamentis
618 2287 761 2366 principis
796 2284 897 2368 palam
928 2291 1065 2374 iniquum
1095 2293 1269 2358 detrectare

238 2389 303 2450 vim
322 2392 385 2450 eius
406 2411 497 2472 equos
517 2391 668 2474 regentis,
689 2390 820 2454 illudere
842 2418 941 2471 voces,
975 2404 1111 2481 quotiens
1131 2415 1266 2464 caneret.

224 2497 339 2575 ,Quem
359 2501 397 2558 ad
418 2500 507 2560 finem
527 2500 602 2574 nihil
627 2505 658 2562 in
679 2504 848 2589 republica
867 2493 982 2568 ciarum
1004 2509 1077 2584 fore,
1099 2511 1179 2591 quod
1204 2535 1267 2572 non
1287 2519 1331 2560 20

238 2603 278 2663 ab
300 2604 352 2665 illo
371 2609 496 2688 reperiri
516 2609 685 2670 credatur?
706 2609 795 2672 Certe
818 2613 932 2676 linitam
947 2613 1076 2676 Neronis
1094 2619 1268 2698 pueritiam,

239 2721 269 2771 et
291 2712 388 2772 robur
412 2718 550 2777 iuventae
570 2717 681 2783 adesse.
721 2719 856 2780 Enseret
877 2724 1070 2804 magistrum,
1088 2729 1159 2787 satis
1179 2749 1267 2808 amp·

236 2819 274 2879 lis
294 2819 469 2881 doctoribus
490 2821 653 2882 instructus
668 2825 830 2885 maioribus
846 2829 917 2888 suis.
967 2829 1006 2886 At
1025 2828 1144 2888 Seneca
1163 2830 1266 2890 crimi-

237 2931 376 2988 nantium
396 2947 456 2986 non
475 2930 832 3009 ignarus,‘prodentibus
856 2932 913 3006 iis,
942 2931 1052 3013 quibus
1080 2930 1181 3014 aliqua
1206 2924 1326 3005 bo·53

237 3033 315 3092 nesti
336 3055 427 3111 eura,
448 3045 477 3094 et
497 3034 730 3096 familiaritatem
742 3039 806 3098 eius
820 3039 914 3121 magis
933 3051 1112 3120 aspernante
1122 3039 1260 3115 Caesare,
1282 3029 1328 3093 ²5

236 3147 355 3217 tempus
376 3139 505 3212 sermoni
527 3148 617 3216 orat,
646 3131 817 3222 e't'accepto
860 3147 903 3203 ita
928 3145 1046 3226 incipit.
1102 3149 1263 3225 „Quartus

147 3243 149 3253 '
238 3243 372 3305 decimus
393 3265 489 3304 annus
514 3256 569 3322 est,
583 3245 705 3322 Caesar,
728 3268 763 3307 ex
783 3270 844 3328 quo
867 3251 929 3332 spei
943 3261 1013 3314 tuae
1025 3253 1164 3314 admotus
1183 3265 1260 3329 sum,

251 3439 523 3458 Μ

333 3556 538 3614 1.er0m.1tt·.
569 3559 632 3611 Mox
652 3546 790 3628 Sbfimium
812 3563 918 3630 tipum
942 3579 974 3614 ex
996 3565 1084 3620 Dione
1110 3567 1185 3630 LIX,
1216 3570 1258 3622 ai.

239 3635 373 3719 Offonium
392 3654 436 3702 vet
457 3650 584 3718 Osonium
602 3651 716 3703 codices.
798 3637 800 3650 ’

326 3750 350 3800 5.
367 3765 418 3814 pro
437 3749 555 3815 “cognitis
571 3747 717 3802 Mercerus:
737 3749 824 3804 BGM·
841 3759 1042 3824 procognitus.

279 3824 282 3830 ¹
308 3844 345 3900 18.
366 3839 521 3893 detractare
541 3839 620 3890 alta:
639 3837 791 3924 detrectare
809 3842 932 3897 Picbcaa.
