2862 4726
336 305 338 313 s
397 292 402 302 ,
485 223 637 296 univ.
682 164 933 294 cresse-n.
1146 229 1207 293 m
1287 241 1291 257 ‹

165 407 257 466 istum
268 403 351 466 intre
375 407 477 468 locum
497 411 622 478 sistere:
643 410 698 472 sed
719 410 764 472 illi
785 413 988 494 magistratus·
1003 422 1033 474 et
1049 409 1208 493 primores,
1220 413 1248 484 (ι
1265 411 1356 484 Cet.)

163 515 218 592 qni
240 522 270 572 tc
289 515 387 574 invito
406 529 607 598 perrumpunt
626 517 827 600 omnibusque
845 518 883 580 de
907 517 1001 582 rebus
1023 519 1206 610 consnlnnt,

136 619 323 682 ‘excessisse
344 622 404 712 ian
427 623 547 704 pridem
570 637 713 708 equestre
741 627 894 709 fastigium
924 625 1073 710 longeque
1097 629 1208 690 antisse

162 727 263 808 patris
282 734 342 792 mei
360 735 517 794 omicitias
541 755 604 796 non
631 734 743 814 occulti
764 735 886 816 ferunt,
911 745 1033 819 perque
1058 736 1205 796 invidiam
1264 731 1265 734 ’

120 825 208 898 5ῑυὶ
230 858 280 898 me
303 859 426 920 quoque
447 839 595 917 incusant.
638 844 677 902 At
706 843 788 902 enim
819 841 976 923 Augustus
1002 841 1095 902 filiam
1119 863 1205 902 suom

159 945 256 1026 equiti
276 946 415 1007 Romano
435 946 561 1008 tradere
580 947 743 1011 meditatus
763 959 819 1016 est.
862 951 979 1010 Mirum
998 947 1140 1024 Hercule,
1164 949 1202 1020 si,

158 1073 227 1116 cum
253 1053 289 1114 'iu
318 1056 417 1116 omnis
446 1075 535 1116 curas
567 1055 805 1138 distraheretur,
835 1058 1077 1140 immensumque
1104 1053 1207 1118 attolli

159 1161 341 1240 provideret
354 1185 447 1246 quem
465 1166 680 1226 coniunctione
700 1164 755 1225 tali
787 1185 878 1248 snper
908 1164 981 1226 alios
1026 1165 1215 1242 extulisset,
1284 1155 1290 1242 ‚¹

159 1267 274 1357 Guium
293 1270 491 1334 Proculeium
513 1252 713 1356 et'quosdam
735 1275 768 1334 in
790 1275 979 1335 sermonibus
1008 1271 1120 1334 babuit
1152 1275 1201 1332 in·

98 1387 138 1425 ¹0
157 1376 237 1458 signi
260 1376 484 1461 tranquillitate
504 1381 605 1458 vitae,
627 1377 720 1442 nullis
741 1381 787 1443 rel
810 1377 951 1462 publicae
979 1380 1201 1462 negotiis-per·

155 1483 274 1546 mixtos.
317 1485 378 1546 Sed
399 1485 424 1546 si
446 1483 639 1546 dubitatione
662 1485 795 1575 Augusti
816 1498 993 1561 movemur,
1015 1495 1129 1566 quanto
1151 1507 1199 1545 va·

155 1588 248 1652 lidius
269 1601 315 1652 est
341 1591 425 1674 quod
458 1594 565 1652 Marco
595 1591 774 1675 Agrippae,
803 1612 873 1652 mox
905 1591 980 1656 mibi
1012 1591 1199 1654 collocavit?

154 1698 262 1782 Atque
282 1720 338 1781 ego
360 1698 438 1760 baec
459 1721 515 1782 pro
535 1699 668 1760 amicitia
682 1719 744 1760 non
763 1699 934 1760 occultavi:
948 1681 1081 1760 ceterum
1098 1721 1200 1782 neque

117 1843 118 1846 =
153 1808 215 1868 tuis
236 1827 335 1888 neque
357 1797 463 1888 Liviae
479 1806 635 1868 destinatis
660 1806 861 1881 adversabor.
913 1810 980 1890 Ipse
1011 1807 1085 1893 qnid
1120 1809 1199 1870 intra

96 1907 133 1970 ¹5
157 1919 294 1978 animum
315 1916 529 1992 volutaverim,
553 1917 664 2000 quibus
684 1915 784 1978 adhuc
806 1915 1078 1980 necessitudinibus
1104 1918 1217 1994 immi,

151 2022 286 2086 secrete
307 2025 382 2086 mihi
403 2035 519 2110 parem,
540 2028 679 2088 omittam
700 2026 739 2088 ad
760 2047 903 2109 praesens
924 2025 1060 2088 referre:
1082 2026 1112 2087 id
1136 2037 1198 2088 tan·

151 2147 218 2197 tum
239 2135 392 2218 aperiam,
415 2133 492 2196 nihil
514 2117 577 2196 esse
597 2147 660 2196 tam
685 2133 856 2209 excelsum,
879 2135 962 2218 qnod
983 2157 1044 2198 non
1071 2136 1197 2200 virtutes

152 2245 225 2304 istae
245 2253 375 2326 tuusque
397 2245 430 2304 in
453 2265 502 2305 me
522 2248 641 2304 animus
659 2240 863 2320 mercantum
900 2241 1032 2326 datoque
1055 2254 1195 2328 tempore

82 2346 200 2429 {slve}
222 2351 254 2412 in
275 2362 382 2412 senatu
408 2349 457 2411 vel
481 2351 513 2410 in
535 2351 683 2412 concione
703 2371 765 2410 non
788 2349 960 2438 reticebo.“
981 2341 1114 2418 Rursum
1135 2351 1210 2412 Sei-¹

65 2473 129 2522 r2⁰
150 2481 250 2533 anus,
275 2460 418 2520 uoniam
440 2457 479 2518 de
502 2459 698 2520 matrimonio
727 2457 780 2518 scd
807 2457 897 2518 altius
920 2469 1073 2536 metuens,
1100 2459 1192 2520 tacita
1212 2501 1215 2506 -

151 2570 376 2650 snspicionum,
401 2566 483 2649 vulgi
507 2587 676 2639 rumorem,
711 2567 901 2648 ingruentem
921 2568 1066 2630 invidiam
1089 2569 1193 2650 depre-

76 2675 79 2678 ’
147 2671 247 2734 catur.
289 2673 338 2735 Ac
360 2695 399 2736 ne
419 2667 555 2737 assiduos
576 2675 609 2734 in
623 2673 749 2734 domum
768 2681 874 2734 coetus
890 2674 1021 2734 arcendo
1042 2675 1192 2758 infringe-

146 2757 198 2842 ret
215 2779 384 2864 potentiam
400 2791 453 2841 ent
466 2777 650 2862 receptando
666 2777 847 2839 facultatem
861 2777 1095 2840 criminantibus
1110 2761 1193 2861 prae·
1258 2797 1267 2822 f

145 2887 249 2966 beret,
273 2886 333 2946 hnc
355 2883 437 2946 llexit
450 2895 485 2948 ut
496 2885 656 2946 Tiberium
677 2883 833 2946 advitam
853 2881 961 2966 procul
979 2885 1077 2947 Roma
1095 2909 1191 2988 arpoc-

77 3009 122 3076 25
143 2997 192 3056 nis
211 2995 285 3060 locis
308 2993 477 3076 degendam
498 2992 678 3076 impelleret.
722 2985 821 3055 Multa
842 2995 956 3078 quippe
982 2979 1188 3076 providebat:
1230 2987 1234 3000 ’

144 3125 201 3166 sna
223 3105 256 3164 in
279 3123 374 3163 mann
394 3101 516 3180 editus,
531 3099 771 3188 litterarumque
792 3121 903 3184 magna
925 3115 966 3164 ex*
980 3086 1068 3186 perte
1089 3126 1122 3166 sc
1137 3121 1188 3166 ar·
1248 3138 1250 3146 ν

142 3213 261 3296 bitrum
273 3211 353 3284 fore,
365 3231 436 3270 eum
450 3231 506 3292 per
517 3207 627 3270 milites
635 3209 859 3290 commearent3
873 3231 942 3275 mox
953 3213 1113 3290 Caesarem
1125 3235 1188 3274 ver·

140 3330 234 3403 gente
253 3321 313 3380 inm
334 3325 478 3408 senecta,
498 3328 673 3402 secretoque
696 3313 757 3380 lo'ci
778 3315 950 3399 mollitum,
965 3321 1070 3381 munia
1089 3323 1186 3404 impe-

141 3429 184 3490 rii
203 3429 320 3493 facilius
343 3428 579 3489 tramissurum:
603 3436 634 3488 et
658 3427 758 3488 minui
773 3426 832 3488 sibi
864 3424 1012 3490 invidiam
1043 3423 1184 3510 adempta

308 3608 310 3618 Ι

148 3633 436 3651 m

231 3780 256 3816 2.
276 3759 374 3832 invito]
397 3761 482 3816 invite
501 3761 538 3815 M.

214 3873 255 3910 oo.
276 3869 331 3908 sam
348 3856 393 3910 M:
414 3859 469 3910 lom
487 3857 620 3915 Muretus.
