2900 4724
251 307 311 376 tut
652 292 874 366 bNNdLlUll

104 491 131 554 (ι
151 480 180 540 G.
192 485 426 558 lolservitiumt
452 473 552 566 palam
570 483 735 560 severitas,
756 501 791 542 ao
811 479 928 561 saepius
948 477 1109 560 snperbia3
1130 475 1206 538 nihil
1226 475 1282 538 do·-

257 594 298 655 mi
318 593 520 674 impudicum,
555 590 612 652 nisi
633 588 830 651 dominationi
863 586 1025 668 expediret.
1072 583 1194 672 Cupido(
1216 587 1284 648 aori

259 681 404 760 immensa
418 696 575 758 obtentum
595 694 739 769 habebat,
762 695 847 776 quusi
873 691 1039 755 subsidium
1071 711 1164 773 regnu
1195 706 1283 775 ptru-

257 819 351 873 rotur.
392 805 448 866 Die
474 806 648 888 nuptiarum
667 797 789 864 Silanus
807 813 935 864 mertem
955 801 1012 864 sibi
1028 803 1201 876 conscivit,
1222 797 1316 874 sive8

259 937 296 976 eo
316 935 410 995 usque
429 933 510 993 spem
532 913 613 971 vitae
635 909 838 992 produxerat,
872 931 924 970 seu
946 909 1061 970 delecto
1091 909 1146 970 die.
1173 929 1284 990 augeo·
1304 905 1325 965 5

259 1009 330 1084 dam
352 1021 390 1082 ad
411 1018 568 1084 inridium.
611 1016 737 1080 Calvina
757 1038 842 1078 soror
861 1019 925 1094 eins
941 1017 1024 1080 ltalia
1039 1015 1124 1099 pulsa
1144 1027 1198 1080 est.
1221 1014 1286 1076 Ad·

259 1128 336 1190 didit
356 1127 500 1190 Claudius
519 1147 606 1191 sacra
627 1124 797 1207 exlegibus
817 1125 900 1186 Tulli
918 1126 996 1208 regis
1012 1124 1192 1206 piaculaque
1205 1121 1287 1204 apud

259 1235 360 1297 lunum
376 1236 498 1299 'Dianae
529 1253 584 1316 per
609 1233 763 1317 pontifices
799 1232 918 1304 danda,
953 1231 1149 1294 irridentibus
1172 1228 1288 1290 cunctis

155 1382 160 1390 -
258 1339 340 1422 quod
354 1359 470 1423 poeooe
495 1341 788 1422 procurationesque
805 1338 909 1400 incesti
931 1337 963 1398 id
987 1327 1128 1418 temporis
1149 1339 1289 1420 exqm‘re·

259 1460 375 1510 rentur·
429 1447 472 1514 At
494 1447 661 1530 Agrippina
682 1467 722 1506 ne
741 1445 827 1508 malis
848 1456 968 1508 tantum
998 1441 1181 1506 facinoribus
1202 1455 1287 1506 note
1312 1453 1351 1496 ⁸⁰

260 1565 379 1632 sceret,
408 1557 527 1616 veniant
551 1555 643 1616 exsilii
667 1575 725 1636 pro
749 1555 876 1616 Annaeo
896 1555 1028 1634 Seneca,
1060 1552 1150 1615 simul
1170 1563 1291 1635 proetu-

257 1681 323 1722 ram
353 1661 514 1742 impetrat,
546 1659 658 1721 laetum
687 1662 720 1718 in
751 1659 907 1740 publicum
925 1670 993 1720 rata
1015 1659 1055 1720 ob
1077 1659 1290 1722 claritudinem

260 1768 428 1832 studiorum
450 1769 533 1841 eius,
565 1775 660 1850 utque
680 1765 807 1830 Domitii
828 1768 959 1848 pueritia
978 1767 1033 1829 tali
1054 1769 1198 1850 magistro
1219 1767 1293 1828 ado-

259 1873 385 1938 lesceret
399 1917 416 1952 ‚1
431 1884 461 1934 et
481 1872 614 1934 consiliis
633 1871 767 1934 eiusdem
785 1873 826 1935 ad
848 1896 931 1956 spem
954 1875 1167 1938 dominationis
1192 1886 1295 1936 utere·

260 1996 324 2060 tur,—
338 1982 410 2066 qnia
426 1983 540 2044 Seneca
566 1980 645 2046 fidus
668 1982 699 2042 iu
714 1984 912 2066 Agrippinam
932 1987 1078 2046 momoria
1099 1985 1240 2046 beneficii
1261 1993 1292 2044 et
1315 1985 1355 2048 15

260 2093 393 2152 infensus
416 2089 543 2150 Claudio
564 2089 666 2150 dolore
688 2093 815 2152 iniuriae
835 2093 1027 2154 credebatur.
1067 2093 1219 2156 Placitum
1239 2085 1321 2164 εἰσ-9

262 2199 332 2258 binc
350 2219 410 2258 non
432 2196 512 2258 ultra
535 2201 694 2270 cunctari,
727 2201 780 2260 sed
810 2190 998 2282 designatum
1021 2204 1175 2266 consulem
1197 2203 1297 2262 Mern-

76 2297 79 2304 “
170 2331 173 2338 ⁴
262 2309 355 2366 mium
379 2305 546 2366 Pollionem
561 2307 739 2390 ingentibus
757 2310 910 2390 promissis
939 2310 1088 2372 inducunt
1117 2310 1297 2372 sententiam

263 2433 455 2492 expromere,
484 2433 545 2494 quo
575 2424 718 2474 oraretur
745 2414 888 2478 Claudius
917 2417 1105 2499 despondere
1134 2419 1297 2478 Octaviam

264 2516 420 2594 Domiti03
445 2517 534 2602 quod·
548 2521 640 2579 aetati
663 2521 818 2604 utriusque
848 2543 908 2582 non
933 2524 1100 2586 absurdum
1129 2536 1159 2588 et
1180 2529 1297 2587 maiore
1317 2535 1356 2574 ²⁰

197 2663 200 2674 «
262 2625 484 2706 patefacturum
503 2639 578 2692 erut.
617 2625 717 2692 Pbllio
738 2629 820 2692 baud
835 2630 1003 2714 disparibus
1024 2634 1177 2694 verbisne
1198 2655 1297 2716 nuper

264 2734 405 2796 Vitellius
426 2745 549 2812 censet,
572 2733 837 2818 despondeturque
858 2736 1067 2813 oetavia‚‘ac
1098 2759 1188 2820 super
1210 2740 1298 2820 prio-

264 2866 330 2909 rem
350 2841 600 2904 necessitudinem
611 2859 744 2926 'sponsus
765 2847 825 2906 iam
847 2857 990 2928 etflgener
1011 2847 1164 2908 Domitius
1184 2869 1300 2932 aequa·

267 2955 293 3012 ri
314 2953 489 3014 Britannico
509 2947 619 3014 studiis
640 2955 761 3028 matris,
785 2961 1003 3029 umerorum,
1026 2958 1094 3037 quis
1114 2957 1154 3018 ob
1177 2977 1300 3018 accusa·

265 3071 328 3118 tarn
353 3060 546 3122 Messalinam
565 3061 643 3122 ultio
664 3083 698 3122 ex
716 3060 776 3120 lilio
797 3060 972 3124 timebatur.
1146 3060 1148 3066 ’
1321 3055 1360 3114 ²5

353 3168 413 3228 Per
438 3169 519 3229 idom
540 3181 660 3252 tempus
694 3169 782 3251 legati
804 3167 989 3232 Parthorum
1018 3173 1057 3234 ad
1083 3161 1284 3254 expetendum
1292 3154 1360 3248 ,10

269 3283 304 3333 ut
325 3272 450 3352 rettuli,
475 3273 676 3336 Meherdaten·
693 3279 772 3336 missi
794 3288 930 3338 senatum
953 3279 1182 3361 ingrediuntur,
1216 3303 1304 3340 man-

271 3383 402 3461 dataque
425 3381 455 3440 in
479 3381 559 3441 bunc
581 3383 701 3442 modum
724 3383 881 3462 incipiunt,
904 3405 964 3443 non
988 3405 1020 3442 se
1039 3383 1166 3446 foederis
1183 3389 1305 3466 ignaros

262 3491 328 3551 'nec
349 3489 517 3551 defectione
544 3513 561 3550 a
590 3490 701 3552 familia
723 3491 941 3551 Arsacidarum
968 3491 1088 3568 venire,
1123 3491 1176 3554 sed
1208 3491 1306 3552 filiurn

283 3644 611 3664 ——n-h—-n

349 3749 388 3786 ro.
408 3733 447 3786 ad
465 3713 629 3803 Agrippinae
649 3735 698 3784 Ma.
718 3735 789 3786 idem
813 3747 853 3801 tt.
868 3747 1021 3794 uterentur.

345 3830 733 3904 Qwfflwwffl

347 3943 387 3993 ²9·
406 3923 463 3996 red]
482 3923 530 3980 sed
546 3939 572 3980 er
591 3929 640 3980 Μι,
662 3928 735 3976 iden:
755 3941 816 3980 naor
838 3928 1026 3985 intoleranda.
