2862 4730
435 279 510 344 LlB.
530 280 551 340 l.
596 277 683 340 car:
704 279 842 348 7'0'2-74:
872 277 892 302 ³
1131 279 1180 349 of

141 461 209 524 Non
230 471 332 524 tamen
353 459 423 523 ideo
443 462 576 524 faciebat
597 461 687 524 fidem
707 462 806 525 civilis
826 451 931 531 antidi.
960 462 1063 533 ,Nam
1086 429 1184 549 legdm
1195 467 1223 540 (a
1236 469 1267 525 G.
1282 471 1333 544 ις.)
1412 513 1420 548 ,¹

144 571 309 632 maiestatis
329 571 507 650 reduxerat3
540 571 590 632 cui
618 591 730 632 nomen
751 569 833 653 apud
854 581 974 634 veteres
995 572 1101 653 idem,
1127 575 1188 638 bed

144 677 203 739 alia
223 679 254 738 in
276 677 422 740 iudicium
450 678 637 758 veniebant,
673 679 698 740 si
725 679 792 761 quis
820 679 997 761 proditione
1021 670 1188 744 exercitum

145 797 199 848 aut
219 787 338 868 plebem
352 787 575 866 seditionibus,
608 788 741 871 denique
770 788 850 850 male
883 798 966 872 gesta
995 809 1029 852 re
1058 777 1189 872 ¹publiea

34 904 36 908 ’
108 896 334 962 §maiestatem
353 898 458 985 populi
482 895 612 973 Romani
635 896 802 956 minuisset.
852 895 952 958 Facta
971 897 1191 981 arguebantur,

145 1005 228 1066 dicta
249 1006 489 1088 impune‘erant.
531 997 657 1068 Primus
678 1005 834 1088 Augustus
856 1004 1061 1088 cognitionem
1081 1006 1121 1068 de
1145 1007 1191 1069 fa·

143 1115 234 1174 mosis
253 1112 366 1174 libellis
384 1116 486 1196 specie
509 1096 586 1196 legis
607 1115 672 1176 eius
700 1112 861 1188 tractavit,
892 1124 1064 1176 commotus
1095 1115 1190 1178 Cassii

144 1221 249 1282 Severi
269 1220 418 1297 libidine,
452 1244 514 1305 qua
542 1224 623 1284 viros
644 1222 836 1305 feminasque
860 1220 991 1283 illustres
1010 1224 1191 1304 procacibus

144 1330 263 1412 scriptis
285 1327 510 1390 diffamaverat.
564 1329 636 1388 Mox
654 1320 820 1406 Tiberius,
841 1325 1033 1388 consultante
1042 1329 1198 1414 Pompeio*

98 1455 136 1494 ro
149 1439 253 1498 Macro
271 1447 413 1519 praetore
435 1457 474 1496 an
506 1433 618 1496 iudicia
647 1435 817 1519 maiestatis
844 1433 1068 1514 redderentur,
1102 1459 1189 1502 exer.

144 1543 254 1604 cendas
276 1545 355 1624 leges
378 1562 443 1602 esse
465 1539 632 1622 respondit.
675 1541 766 1602 Hunc
786 1561 908 1625 quoque
928 1563 1110 1626 asperavere
1126 1566 1190 1606 car·

83 1659 88 1664 ’
145 1650 227 1711 mina
248 1651 374 1710 incertis
403 1626 580 1709 auctoribus
610 1649 735 1730 vulgata
763 1650 795 1710 in
817 1648 973 1710 saevitiam
997 1652 1191 1734 superbiam·

89 1747 213 1840 'lssque
228 1761 294 1820 eius
315 1767 345 1817 et
366 1754 537 1826 discordem
560 1775 632 1816 cum
654 1765 751 1818 matre
772 1757 920 1824 animum.
961 1757 1055 1820 Haud
1075 1761 1192 1844 pigebit

144 1867 264 1928 referre
289 1863 320 1925 in
341 1861 470 1926 Falanio
492 1873 522 1924 et
549 1861 845 1943 Ruhr10,modicis
868 1865 1022 1948 equitibus
1046 1867 1192 1933 Romanis
1276 1947 1280 1955 .
1306 1877 1310 1896 “

98 1981 338 2058 rfipraetentata
359 1972 513 2051 crimina,
533 1978 571 2031 ut
586 1969 697 2052 quibus
718 1972 832 2048 initiis,
856 1983 970 2056 quanta
989 1973 1106 2037 Tiberii
1125 1987 1195 2043 arte

145 2083 357 2167 gravissimum
382 2081 506 2140 exitium
526 2077 703 2160 irrepserit,
733 2077 805 2142 dein
834 2102 1008 2164 repressum
1037 2083 1098 2159 sit,
1134 2107 1191 2168 po·

147 2199 264 2252 stremo
286 2188 398 2250 arserit
415 2196 588 2270 cunctaque
617 2183 824 2270 corripuerit,
853 2199 1011 2251 noscetur.
1063 2189 1193 2256 Falanio

145 2295 311 2359 obiiciebat
330 2307 489 2358 accusator
510 2295 595 2380 quod
617 2295 697 2358 inter
717 2296 849 2358 cultores
871 2297 1022 2382 Augusti,
1055 2301 1109 2382 qui
1137 2323 1193 2384 per
1285 2365 1287 2373 Α

146 2425 251 2466 omnes
273 2403 380 2464 domos
409 2405 441 2464 in
464 2405 591 2465 modum
606 2404 804 2488 collegiorum
817 2403 1033 2486 habebantur,
1052 2409 1192 2476 Cassium
1270 2475 1271 2481 ,

98 2511 309 2596 sequendam
332 2511 464 2572 mimum
489 2533 619 2595 corpore
642 2511 787 2573 infamem
820 2511 1014 2594 adscivisset,
1047 2514 1193 2602 quodque

148 2619 280 2682 venditis
302 2617 399 2680 bortis
419 2630 550 2681 statuam
569 2619 698 2703 Augusti
720 2616 811 2680 simul
824 2621 1034 2702 mancipasset.
1070 2621 1192 2688 Rubrio

148 2727 269 2788 crimini
299 2725 432 2789 dabatur
455 2728 604 2789 violatum
627 2722 760 2809 periurio
782 2745 896 2786 numen
919 2727 1058 2810 Augusti.
1103 2731 1193 2810 Quae

114 2852 116 2856 ·
149 2837 203 2898 ubi
225 2835 351 2897 Tiberio
372 2845 524 2912 notuere,
552 2835 675 2916 scripsit
709 2833 887 2908 consulibus
907 2856 970 2896 non
992 2833 1063 2897 ideo
1086 2837 1193 2901 decre·
1283 2825 1285 2831 ¹

149 2955 216 3006 tum
242 2944 396 3026 patrisne
420 2941 558 3022 caelum,
593 2953 626 3004 ut
656 2931 688 3002 in
712 2943 881 3024 perniciem
910 2943 1025 3006 civium
1045 2943 1071 3006 is
1093 2945 1193 3010 bonor
1235 2971 1242 3001 ·.
1307 2953 1311 3004 ἵ

102 3049 336 3117 adverteretur.
378 3051 516 3122 Cassium
535 3050 717 3122 histrionem
734 3049 857 3112 solitum
871 3052 951 3112 inter
969 3051 1044 3114 elios
1058 3053 1193 3117 eiusdem

151 3165 224 3224 artis
246 3163 389 3222 interesse
409 3148 513 3232 ludisss
548 3179 624 3240 quos
652 3168 750 3218 mater
777 3179 832 3220 sua
862 3159 894 3218 in
925 3165 1105 3224 memoriam
1128 3145 1194 3226 Au·

150 3271 231 3351 gusti
252 3279 417 3350 sacrasset3
454 3288 510 3328 nec
536 3277 643 3327 eontra
674 3263 835 3349 religiones
862 3267 929 3327 lieri
962 3269 1050 3350 quod
1081 3249 1234 3354 effigies,

153 3378 238 3452 eius,
260 3388 295 3438 ut
316 3376 378 3438 alia
391 3375 553 3436 numinum
575 3372 755 3448 simulacra,
778 3372 1008 3436 venditionibus
1028 3375 1193 3445 hortorum

156 3495 187 3546 et
209 3483 354 3544 domuum
378 3481 537 3542 accedant.
581 3480 631 3540 lus
646 3480 808 3540 iurandum
820 3481 946 3562 perinde
956 3483 1193 3567 aestimandum,

100 3593 248 3676 uquam
268 3591 299 3650 si
317 3579 420 3682 lovem
445 3586 618 3658 fefellisset:
639 3587 768 3652 deorum
788 3589 913 3654 iniurias
932 3588 980 3651 dis
1000 3609 1101 3660 curae.
1132 3593 1195 3654 Nee
1291 3632 1292 3638 κ

152 3767 449 3786 ΜΨ

165 3836 170 3841 ’
246 3848 273 3914 4.
292 3845 353 3918 aut]
372 3858 404 3898 vut
423 3845 466 3908 M3
489 3843 607 3912 conexit
624 3843 784 3898 Beroaldus.
813 3865 833 3902 ·,

225 3957 271 3998 ,η
294 3957 392 3994 nomeu
409 3939 452 4000 M:
470 3957 570 3994 namn
589 3939 799 3994 Freinshemius.
