2862 4730
209 263 214 277 ¹
246 253 288 320 st
496 330 502 350 „
607 224 638 270 ’·
673 199 902 315 inuium:

97 455 122 522 (a
140 414 309 526 C.i6.)t³⁸¹‘¹
327 433 460 514 singulos
479 437 574 497 actori
601 437 724 518 publico
741 437 851 516 iubet,
879 437 1052 534 scilicet'ut
1083 443 1114 500 in
1139 440 1288 504 Libonem
1329 396 1331 401 Ι

243 564 278 604 ex
295 544 388 604 servis
406 544 490 608 salvo
511 557 631 606 senatus
650 545 789 606 eorrsulto
807 556 1012 628 quaereretur.
1056 547 1107 608 Ob
1122 558 1208 632 ‘quae
1232 574 1287 634 po·

241 655 356 712 ste'rum
388 651 468 712 diem
500 673 570 712 reus
600 655 728 734 petivit,
750 653 936 738 domumque
963 654 1114 738 digressus
1140 667 1287 719 extremas
1367 673 1371 690 ¹

143 826 145 830 ¹
240 777 347 840 preces
371 758 482 820 Publio
515 763 657 838 Quirinio
673 762 847 844 propinquo
865 781 921 822 suo
947 761 986 822 ad
1010 762 1178 846 principem
1199 787 1287 826 man·

240 865 335 930 davit.
378 865 568 946 Responsum
593 878 662 944 est,
691 877 726 926 ut
757 877 895 950 senatum
917 879 1045 950 rogaret.
1098 850 1332 950 (lingebaturssl

240 976 366 1036 interim
391 975 487 1038 milite
520 976 646 1050 domus,
677 975 852 1059 strepebant
882 979 974 1038 etiam
996 976 1025 1036 in
1052 976 1225 1055 vestibulo,
1251 991 1286 1040 ut

241 1085 419 1159 audiri,„ut
441 1088 533 1168 aspici
562 1097 695 1169 possent,
719 1109 789 1148 cum
819 1086 895 1148 Libo
921 1083 1003 1168 ipsis,
1025 1107 1102 1168 quas
1132 1087 1167 1154 in
1185 1089 1286 1150 novis-

242 1197 349 1256 simam
369 1193 555 1278 voluptatem
588 1195 794 1273 adhibuerat,
832 1195 930 1278 epulis
958 1196 1145 1255 excruciatus
1175 1216 1286 1256 vocare

240 1315 473 1386 percussorem,
510 1322 654 1382 prensare
683 1323 844 1363 servorum
882 1300 1023 1372 dextras,
1063 1299 1194 1362 inserere
1221 1301 1285 1384 gla-

173 1453 176 1463 ι
241 1411 336 1478 dium.
380 1411 482 1490 Atque
504 1408 573 1482 illis,
597 1408 671 1470 dum
691 1409 864 1490 trepidant,
893 1408 968 1470 dum
994 1407 1162 1490 refugiunt,
1194 1431 1333 1476 ever-10

241 1519 377 1580 tentibus
407 1521 578 1599 appositum
603 1537 707 1580 mensa
723 1516 849 1595 lumen,
872 1515 1019 1578 feralibus
1040 1519 1101 1575 iam
1122 1515 1180 1594 sipi
1199 1528 1284 1580 tene·

239 1627 304 1690 bris
336 1625 414 1688 duos
449 1629 527 1688 ictus
550 1628 582 1688 in
609 1627 724 1688 viscera
754 1626 877 1694 direxit.
932 1625 983 1686 Ad
1013 1625 1159 1708 gemitum
1190 1626 1285 1687 colla-

188 1796 189 1807 ,
241 1734 341 1794 hentis
364 1753 523 1794 accurrere
545 1731 665 1810 liberti,
692 1744 723 1793 'et
742 1732 836 1794 caede
865 1732 930 1793 visa
948 1729 1034 1794 miles
1054 1729 1179 1792 abstitit.
1222 1731 1286 1794 Ac·

218 1821 355 1903 ‘cusatio
381 1853 482 1903 tamen
510 1841 591 1922 apud
626 1851 727 1923 patres
760 1843 981 1902 asseveratione
1013 1838 1121 1900 eadem
1149 1851 1285 1922 peracta,

240 1951 415 2032 iuravitque
448 1947 589 2008 Tiberius
616 1949 785 2029 petiturum
805 1967 838 2008 se
861 1946 955 2007 vitam
979 1947 1120 2028 quamvis
1145 1947 1331 2038 'nocenti,15

242 2058 300 2118 nisi
325 2057 529 2142 voluntariam
557 2067 686 2116 mortem
716 2053 951 2136 properavisset.
984 2056 1080 2119 ‘Bona
1096 2056 1176 2116 inter
1195 2046 1339 2128 acen-32

173 2157 180 2170 ⁸
242 2171 358 2224 satores
380 2161 580 2241 dividuntur,
605 2173 637 2222 et
657 2173 819 2244 praeturae
843 2169 928 2222 extra
951 2159 1088 2222 ordinem
1115 2161 1203 2222 datae
1235 2161 1284 2236 iis,
1379 2225 1384 2233 ,

145 2277 149 2282 ’
242 2269 294 2349 qui
317 2267 461 2330 senatorii
482 2268 598 2330 ordinis
626 2279 724 2330 eraut.
764 2268 854 2328 Tunc
890 2267 978 2328 Cotta
1006 2267 1212 2342 Messalinus,
1246 2289 1285 2328 ne

144 2369 148 2374 ⁴
243 2378 342 2455 imago
369 2375 494 2434 Libonis
516 2377 670 2456 exsequias
695 2385 890 2460 posterorum
910 2375 1133 2451 comitaretur,
1156 2376 1285 2451 censuit,

221 2503 224 2510 ¹
245 2487 366 2558 Gnaeus
391 2484 549 2562 Lentulus,
571 2504 611 2544 ue
637 2483 703 2564 quis
720 2479 1166 2566 ,Scribonius'oognomentum
1189 2483 1282 2546 Drusi
1297 2505 1332 2545 aa

244 2567 419 2653 assumeret.
469 2587 733 2670 supplicationum
761 2586 825 2647 dies
845 2587 1007 2670 Pomponii
1036 2589 1138 2651 Flacci
1164 2603 1286 2654 seuten-

243 2798 540 2830 rw...-

332 2955 355 3006 7.
375 2957 434 2993 cum
454 2939 523 2993 Libo
541 2937 656 3010 vocare]
686 2937 772 3006 Quasi
794 2953 850 2989 uon
870 2938 985 2990 relativa
1004 2939 1216 3008 particularum
1236 2944 1285 2996 sed

193 3017 196 3028 ¹
245 3034 298 3084 alia
317 3035 342 3084 ei
360 3034 528 3103 respondens
547 3052 577 3088 sc
595 3035 721 3086 relationi
740 3033 813 3086 haud
831 3032 953 3085 obnoxia
980 3033 1059 3104 (tum)
1084 3040 1286 3103 praecessisset,

244 3131 369 3200 sequitur
387 3131 540 3186 infinitivus
559 3131 703 3186 historicus
723 3129 901 3201 quisdicitur.
946 3129 1047 3182 Eadem
1072 3137 1227 3182 structurae
1250 3134 1286 3183 li·

244 3223 350 3276 bertate
370 3242 433 3276 usus
452 3233 494 3278 est
513 3224 624 3278 'l'acitus
644 3217 676 3280 ll}
698 3225 739 3290 4ο.
762 3225 871 3293 iamque
903 3224 1007 3276 Ostiam
1036 3224 1171 3278 invectum
1191 3229 1286 3280 multi·
1320 3271 1325 3280 .

243 3318 311 3374 tudo
330 3321 449 3392 ingens,
472 3321 578 3372 iamin
606 3319 672 3372 urbe
693 3315 862 3370 clandestini
885 3293 979 3372 coetus
1000 3322 1198 3383 celebrabant,
1225 3341 1285 3374 cum

203 3427 205 3431 ’
247 3417 388 3470 Tiberium
411 3433 510 3486 anceps
533 3431 601 3467 curn
628 3411 792 3464 distrahere,
823 3413 879 3475 1V,
909 3416 951 3470 50.
987 3417 1024 3466 Et
1052 3419 1201 3486 ingruebat
1229 3439 1285 3470 trax

156 3531 163 3555 t
246 3511 337 3564 nimbo
357 3506 501 3572 atrox‚'-
521 3525 580 3561 cam
599 3509 718 3562 Sabinus
738 3507 896 3560 circumire.
921 3508 967 3566 Vl,
989 3512 1031 3578 44,
1055 3515 1170 3586 Iamque
1198 3516 1284 3566 multa
1362 3555 1364 3560 s
1410 3551 1411 3580 ι

245 3625 329 3660 manu
345 3608 503 3679 propinqua
524 3607 664 3660 Seleuciae
682 3601 857 3662 adventabat,
877 3621 936 3657 cum
949 3605 1089 3662 Tiridmes
1107 3611 1189 3662 simul
1203 3610 1303 3676 sama,
1410 3583 1411 3632 l

246 3713 329 3772 atque
346 3703 405 3770 ipsa
425 3701 566 3754 Αιιαῦαιιο
586 3699 728 3768 perculsus
748 3695 869 3750 distrahi
887 3701 1022 3760 consiliis.
1060 3703 1138 3756 Cani.
1159 3705 1239 3768 stt,
1258 3707 1282 3758 5.

230 3789 348 3848 ‘unna
367 3797 414 3856 ιιι,
431 3801 472 3850 3..
494 3795 547 3844 tu.
569 3795 601 3855 ιι,
624 3814 663 3862 25.
685 3791 731 3853 ιι,
749 3793 857 3856 stur,
878 3810 919 3862 η.
1269 3795 1272 3800 ’
1410 3767 1411 3802 l

320 3909 357 3946 ra.
376 3889 482 3944 derexit
501 3891 544 3958 M}
564 3907 627 3942 mos
645 3889 762 3944 adstitit.
