2908 4708
503 319 577 380 nin.
598 319 669 380 xv.
715 317 964 428 carru-m.
1186 312 1249 379 aaa
1322 353 1341 424 3

158 548 166 555 -
225 516 287 565 tam
311 515 374 579 est,
398 471 480 566 omni
501 503 609 568 senatu
633 507 766 568 Antium¹
783 503 840 566 sub
862 499 1015 565 recentem
1035 509 1158 584 partum
1178 493 1287 568 eliu-(⁴
1306 483 1402 552 θῶ.)

119 685 121 688 Ι
223 631 274 686 ao,
298 613 461 674 Thraseam
481 615 667 695 prohibitum
688 613 815 676 immoto
839 613 940 674 animo
966 611 1174 692 praenuntiem
1188 609 1250 666 im·
1337 679 1339 688 Ι

168 773 171 783 ,
223 723 379 782 minentis
399 723 497 783 caedis
529 723 741 784 contumeliam
772 721 931 804 excepisse.
972 719 1113 780 Secutam
1137 715 1249 776 dehinc
1292 785 1294 792 Ι

167 813 171 818 „
224 853 329 893 vocem
370 835 503 894 Caesaris
534 834 654 911 ferunt,
690 855 761 915 qua
782 831 1008 894 reconciliatum
1039 845 1071 887 se
1095 822 1255 914 Thraseae

183 925 202 988 5
223 941 303 1020 apud
326 941 468 1002 Senecam
489 944 668 1017 iactaverit,
692 964 726 1002 ac
745 941 893 1018 Senecam
913 935 1034 1000 Caesari
1054 927 1249 1021 gratulaturo,
1288 941 1290 954 ’

220 1051 314 1112 Unde
331 1051 423 1128 gloria
446 1056 572 1136 egregiis
592 1055 664 1112 viris
685 1061 714 1110 et
733 1048 869 1131 pericula
889 1045 1065 1133 gliscebant.

162 1129 217 1225 dl
278 1165 388 1224 ‘Inter
410 1186 498 1246 quae,
516 1163 598 1224 veris
620 1161 781 1244 principio,
802 1159 893 1242 legati
917 1156 1104 1233 Parthorum
1124 1141 1250 1206 manda·

72 1301 76 1314 ι
145 1292 146 1298 “
218 1279 249 1328 ta
269 1271 348 1350 regis
368 1270 524 1349 Vologesis
548 1269 725 1352 litterasque
757 1271 788 1327 in
810 1268 937 1328 eandem
957 1265 1087 1326 formam
1109 1251 1249 1319 attulere·
1307 1330 1312 1340 ι

123 1447 126 1458 y
217 1377 255 1438 Se
277 1379 381 1458 priora
403 1387 432 1438 et
452 1381 563 1439 totiens
584 1380 693 1438 iactata
712 1399 804 1456 snper
823 1375 987 1435 obtinenda
1004 1371 1149 1434 Armenia
1169 1385 1252 1427 nnnc
1289 1437 1291 1445 p
1368 1381 1369 1388 ’

164 1495 200 1546 to
223 1489 379 1557 omittere,
403 1489 547 1568 qnoniam
566 1487 620 1561 di,
653 1489 790 1566 quamvis
814 1485 981 1566 potentium
1003 1471 1181 1564 populoruln
1201 1498 1251 1537 ar·
1328 1533 1333 1536 t

215 1581 307 1665 birri,
325 1598 555 1676 possessionem
583 1595 704 1656 Parthis
733 1616 793 1654 non
832 1581 895 1654 sine
923 1591 1086 1674 ignominia
1113 1589 1250 1650 Romana

135 1679 144 1699 s
214 1703 425 1765 tradidissent.
469 1703 572 1783 Nuper
593 1701 729 1762 clausum
758 1702 940 1784 Tigranen3
970 1707 1037 1780 post
1057 1676 1186 1758 Paetum
1205 1695 1249 1757 le·

218 1812 382 1898 gionesque
403 1829 472 1868 cum
493 1791 666 1890 opprimere
686 1819 808 1888 posset·
820 1805 988 1866 incolumes
1008 1803 1166 1866 dimisisse.
1192 1804 1250 1866 Sa·

215 1919 253 1979 tis
273 1918 488 1998 approbatam
516 1920 601 1991 vim3
633 1917 737 1977 datum
776 1927 808 1978 et
839 1915 973 2001 lenitatis
1002 1914 1249 1994 experimentum.
1316 1987 1321 1998 .
1360 1985 1362 1995 p

162 2020 198 2080 15
213 2025 279 2102 Nec
299 2036 507 2086 recusaturum
527 2023 683 2084 Tiridaten
706 2025 879 2106 accipiendo
899 2023 1062 2084 diademati
1092 2022 1122 2080 in
1142 2021 1251 2082 urbem

216 2133 354 2198 venire.
382 2131 438 2190 nisi
459 2129 618 2190 sacerdotii
655 2131 800 2212 religione
831 2130 1018 2190 attineretur.
1066 2130 1183 2190 lturum
1209 2126 1249 2190 ad

212 2233 298 2320 signa
323 2248 354 2298 et
374 2235 486 2318 effigies
509 2239 673 2316 principis,
698 2219 750 2300 ubi
774 2237 943 2318 legionibus
980 2257 1086 2316 coram¹
1118 2256 1249 2320 regnum

157 2334 429 2430 25auspicaretur.
471 2346 596 2407 Talibus
612 2345 768 2427 Vologesis
790 2346 912 2422 litteris,
931 2347 1127 2428 quial'aetus
1147 2345 1250 2407 diver·

110 2535 113 2540 7
179 2465 182 2470 '
215 2477 247 2516 sa
267 2465 411 2536 tanquam
432 2456 522 2515 rebus
543 2453 859 2534 integris‘scribebat‚
880 2455 1081 2534 interrogatus
1112 2455 1250 2516 centurio
1340 2455 1341 2458 ’

158 2575 195 2615 ²⁰
215 2565 267 2646 qui
289 2587 357 2626 cum
380 2564 484 2644 legatis
507 2563 697 2636 advenerat,
721 2583 782 2644 quo
816 2561 847 2620 in
871 2571 952 2622 statu
971 2561 1121 2640 ¹Armenia
1149 2573 1248 2641 esset,

214 2695 317 2754 omnes
338 2673 409 2732 inde
429 2673 580 2732 Romanos
600 2673 754 2731 excessisse
781 2669 946 2750 respondit.
989 2666 1068 2730 Tum
1093 2670 1248 2732 intellecto
1282 2729 1285 2734 .

213 2763 415 2841 barbarorum
435 2781 548 2853 irrisu,
569 2780 621 2860 qui
637 2789 776 2858 peterent
796 2778 879 2860 quod
905 2779 1095 2860 eripuerant,
1135 2799 1247 2838 consu·

213 2889 270 2949 luit
291 2873 371 2948 inter
394 2889 544 2970 primores
565 2889 694 2948 civitatis
715 2887 828 2964 Nero,
850 2887 966 2948 bellum
987 2907 1096 2966 anceps
1119 2905 1158 2944 an
1188 2907 1246 2966 pax

201 2997 373 3056 inhonesta
393 2996 536 3076 placeretL
579 2994 641 3055 Nec
663 2995 834 3054 dubitatum
856 2994 894 3054 de
915 2993 1005 3058 bello.
1026 2993 1088 3054 'Et
1112 2989 1247 3054 Corbulo

156 3095 195 3156 25
215 3102 344 3162 militum
365 3114 456 3184 atquc
476 3103 606 3163 bostium
627 3111 674 3162 tot
700 3097 757 3182 per
776 3121 870 3162 annos
892 3122 1002 3182 gnarus
1030 3099 1180 3182 gerendae
1201 3100 1245 3161 rei

214 3184 405 3288 praeficitur,
428 3229 467 3270 nc
487 3209 572 3268 cuins
604 3207 726 3268 alterius
755 3207 873 3266 inscitia
901 3227 1024 3268 rursum
1051 3191 1245 3286 peccaretur,

125 3337 128 3342 ·
212 3317 283 3398 quia
306 3316 391 3377 Paeti
407 3303 566 3394 piguerat.
610 3313 707 3393 igitur
723 3311 801 3371 irriti
822 3311 1042 3385 remittuntur,
1067 3331 1136 3370 cum
1157 3311 1271 3384 donisv
1312 3334 1315 3342 ·
1345 3382 1347 3390 y

210 3425 331 3498 tamen,
353 3421 435 3482 unde
455 3441 521 3500 spes
543 3419 626 3479 fieret
647 3425 707 3478 non
732 3419 844 3478 frustra
868 3417 972 3480 eadem
1002 3429 1158 3479 oraturum
1187 3419 1244 3479 Ti·
1321 3451 1326 3468 ·

212 3528 348 3604 rida'ten,
374 3521 398 3590 si
421 3547 528 3609 preces
549 3527 612 3608 ipse
632 3523 793 3586 attulisset.
817 3524 986 3606 Suriaeque
1004 3524 1153 3588 exsecutio
1174 3525 1243 3588 cin-

213 3663 513 3684 -ιι---η---ι---ι--ι-ι-ι

285 3779 324 3832 ¹.⁰·
343 3765 505 3817 committere
527 3763 592 3820 ua,
612 3769 639 3812 et
663 3761 700 3826 14.
720 3759 905 3830 adprecatcm.

281 3853 321 3918 al·
341 3853 486 3906 inhonesta
507 3855 662 3906 Victorius:
681 3851 791 3904 inhosta
809 3853 859 3904 Mt.
883 3885 886 3891 Α

283 3963 324 4016 ²9·
345 3947 453 4002 ercutio
475 3947 538 4008 Me,
555 3957 583 3999 et
603 3947 674 3998 Citio
695 3959 756 3997 cum
773 3946 834 3998 aliis
846 3962 894 4016 pro
919 3946 1025 4021 Cincio.
