2862 4730
244 325 287 423 fid
455 321 671 385 ANNALlUM
690 319 766 390 LlB.
787 322 809 382 l.
855 315 942 384 CAP-
963 326 1016 391 80.
1036 325 1088 390 81.

95 521 121 590 (a
133 517 160 574 G.
177 520 230 592 st.)
242 505 425 572 exercitibus
459 515 512 567 aut
536 478 797 568 iurisdictionibris
816 503 941 568 habero.
986 507 1104 568 Causae
1116 505 1293 571 variaetra·

241 616 377 677 duntur:
402 613 453 674 alii
475 613 577 674 taedio
598 634 696 676 novae
717 633 810 676 curae
831 611 925 676 semel
945 609 1058 696 placita
1072 621 1134 698 'pro
1163 616 1295 682 aeternis

241 725 427 799 servavisse,
455 722 580 805 quidam
600 721 737 802 invidia,
771 743 811 782 ne
833 719 937 805 plures
965 721 1155 784 fruerentur.
1213 725 1293 786 Sunt

241 835 295 916 qui
317 835 503 910 existiment,
523 843 558 892 ut
579 830 724 899 callidum
745 832 811 892 eius
831 831 1014 914 ingenium,
1042 832 1085 892 ita
1108 833 1294 894 anxiumiu-

164 935 167 942 ’
241 943 366 1004 dicium.
408 941 514 1024 Neque
537 941 620 1000 enim
641 899 945 1002 emilentisvirtutes
962 939 1158 1017 sectabatur,
1181 949 1211 1002 et
1226 937 1325 1002 rur-5

147 1067 156 1108 ι
242 1071 313 1116 sum
334 1051 411 1110 vitia
433 1048 561 1110 oderat:
596 1069 632 1108 ex
654 1047 776 1125 optimis
800 1047 973 1128 periculum
995 1049 1074 1128 sibi,
1111 1031 1289 1130 spessimis

242 1156 375 1221 dedecus
396 1157 557 1239 publicum
587 1155 754 1220 metuebat.
802 1157 871 1234 Qua
903 1156 1105 1218 haesitatione
1135 1169 1290 1242 postremo

242 1285 278 1324 eo
304 1274 465 1347 provectus
494 1273 565 1343 est,
603 1275 638 1324 ut
663 1262 858 1326 mandaverit
886 1263 1071 1346 quibusdam
1103 1267 1290 1347 provincias,

239 1394 315 1458 quos
335 1372 442 1456 egredi
472 1373 551 1434 urbe
571 1392 634 1435 non
657 1382 725 1432 erat
748 1391 902 1454 passurus.
1060 1437 1067 1446 ,
1166 1374 1169 1377 ’

322 1484 370 1546 De
391 1481 521 1543 comitiis
542 1477 777 1559 consularibus,
797 1501 876 1562 quae
896 1491 962 1570 tum
981 1480 1118 1564 primum
1132 1483 1187 1546 illo
1199 1477 1337 1570 prin-81

238 1595 305 1676 cipe
326 1611 363 1652 ac
385 1590 530 1671 deinceps
547 1579 636 1652 friere
647 1635 658 1668 ,
681 1587 733 1652 vix
751 1590 920 1672 quicquam
939 1589 1067 1652 firmare
1087 1595 1205 1655 ausim:
1228 1595 1287 1657 ad-

239 1719 276 1764 eo
297 1698 418 1762 diversa
438 1719 501 1759 non
523 1695 615 1758 modo
637 1697 721 1778 apud
741 1707 879 1762 auctores
898 1697 953 1760 sed
971 1699 1003 1758 in
1021 1699 1116 1782 ipsius
1134 1705 1287 1766 orationi·

237 1805 296 1870 bus
319 1807 529 1890 reperiuntur.
570 1807 666 1870 ltlodo
684 1805 850 1871 subtractis
866 1789 1100 1870 candidatorum
1110 1789 1290 1874 nominibus

239 1915 393 1999 originem
412 1917 562 1999 cuiusque
579 1927 611 1978 et
629 1917 724 1978 vitam
744 1924 775 1976 et
796 1913 947 1997 stipendia
969 1913 1149 2000 descripsit,
1177 1930 1213 1980 ut
1233 1921 1288 2002 qui

228 2023 344 2116 'forent
377 2014 634 2116 intelligeretur(
650 2021 817 2106 aliquando
847 2043 883 2085 ea
911 2043 1036 2106 quoque
1065 2026 1285 2108 significatione
1300 2027 1337 2092 15

240 2133 417 2210 subtracta,
440 2133 623 2198 candidatos
650 2109 809 2211 hortatus,
831 2151 871 2192 ne
891 2129 1011 2192 ambitu
1031 2135 1155 2197 comitia
1178 2135 1289 2200 turbe·

240 2251 333 2320 rent,
362 2261 450 2304 ruam
482 2243 520 2304 ad
541 2241 573 2304 id
595 2221 705 2303 curam
723 2238 877 2324 pollicitus
909 2248 964 2300 est.
1017 2239 1207 2328 Plerumque
1235 2265 1289 2307 eus

208 2385 213 2392 ,
240 2359 362 2417 tonum
371 2351 466 2433 npud
486 2373 519 2413 se
540 2350 688 2433 professos
710 2349 880 2426 disseruit,
910 2367 1043 2428 quorum
1064 2355 1189 2414 nomina
1213 2374 1288 2414 con·

239 2455 358 2522 nulibus
379 2459 545 2524 edidisset:
579 2482 669 2545 posse
698 2466 730 2520 et
759 2454 834 2516 alios
859 2457 1017 2537 profiteri,
1051 2460 1077 2520 si
1096 2460 1216 2541 gratiae
1235 2471 1290 2531 aut

241 2569 358 2632 meritis
374 2568 583 2632 confiderent:
617 2567 760 2652 Speciosa
776 2563 897 2642 verbis,
923 2587 959 2628 re
982 2567 1085 2628 inania
1108 2579 1160 2628 out
1176 2569 1286 2630 subdo
1297 2586 1336 2629 so

153 2657 158 2664 .
242 2675 296 2756 la,
317 2672 495 2762 (iunctoque
516 2679 634 2740 maiore
656 2675 805 2740 libertatis
827 2672 961 2756 imagine
974 2671 1179 2760 tegebantur,
1201 2688 1287 2740 tanto
1324 2715 1329 2725 ‹

242 2791 389 2870 eruptura
409 2788 449 2850 ad
473 2787 618 2851 infensius
640 2785 808 2848 servitium.
1043 2765 1048 2776 ’

645 3011 883 3030 Μ

580 3263 700 3326 LlBER
722 3259 950 3325 SECUNDUS.

317 3467 499 3520 breviarium.
543 3466 637 3520 Motus
654 3459 742 3532 aliqui
765 3462 798 3524 in
816 3459 939 3516 Oriente.
975 3465 1106 3521 Vonones
1129 3464 1287 3522 Parthorum

248 3577 295 3614 rex
314 3563 384 3616 solio
403 3571 431 3616 et
446 3561 506 3614 solo
530 3577 578 3614 suo
600 3561 634 3612 ab
656 3559 794 3612 Artabano
817 3561 948 3630 pellitur,
967 3570 996 3616 et
1013 3562 1049 3616 ad
1068 3564 1209 3618 Armenios
1225 3576 1290 3634 pro-
1406 3631 1407 3640 ἵ

140 3707 151 3716 ,
249 3657 329 3727 sugas
349 3657 439 3710 abbis
457 3661 487 3710 in
508 3674 619 3726 regnum
638 3655 779 3724 accipitur.
817 3655 881 3724 Quo
900 3657 996 3712 codem
1014 3673 1078 3712 mox
1096 3660 1288 3715 demovetura
1406 3645 1407 3691 l

250 3751 479 3823 Silanoprsesidc
498 3751 593 3820 Syriae
613 3751 649 3806 ob
667 3757 770 3806 ructum
788 3760 817 3808 et
827 3753 961 3808 Artabani
980 3756 1078 3811 minas.
1102 3757 1139 3812 At
1156 3754 1288 3810 Tiberius
1405 3755 1406 3801 l

247 3894 541 3912 W-

339 3985 366 4044 6.
385 3979 451 4054 sibi}
470 3979 541 4034 siti.-
560 3979 615 4032 siti
631 3981 668 4033 M.
