2826 4730
457 305 534 372 ne.
557 271 612 372 ui.
656 302 743 396 car.
769 301 899 414 att-ta.
1132 301 1193 372 tat

156 465 253 570 ribus,
276 497 328 578 qui
349 495 447 558 tulere
466 497 630 573 auxilium,
652 515 714 579 quo
737 488 959 584 dissimularent
988 483 1189 554 defectionem
1207 485 1338 559 (ellat.)

154 609 313 689 magisque
332 587 363 664 in
385 616 522 686 ternpore
543 605 695 669 efferrent.
739 603 898 683 Spectatus
921 608 950 658 et
972 594 1120 656 Sacrovir
1142 595 1192 652 in-.

152 719 236 770 tecto
257 715 354 795 capite
380 735 515 800 pugnam
540 717 599 795 pro
620 710 766 772 Romanis
786 711 882 784 ciens,
904 701 1122 800 ostentandae,
1154 709 1190 766 ut

152 816 291 898 ferebat,
315 823 460 884 virtutis:
480 823 534 884 sed
554 824 674 903 captivi,
695 843 734 882 ne
753 819 956 883 incesseretur
984 812 1071 889 telis,
1094 831 1190 892 agno·-

80 949 84 958 ·
112 865 301 1004 5scenduri1
324 933 355 990 se
376 930 549 1029 praebuisse
567 930 745 1010 arguebant.
786 922 913 993 Consul
902 935 948 993 us
968 941 1057 1000 super
1078 939 1113 978 eo
1133 913 1191 974 ’Τί-

82 1047 100 1058 ‘
154 1031 254 1100 betius
288 1049 467 1118 aspernatus
498 1048 543 1097 est
564 1036 732 1111 indicium,
755 1032 892 1131 aluitque
911 1027 1102 1090 dubitatione
1124 1022 1192 1085 bel

89 1131 227 1214 leffium„
270 1142 392 1204 Interim
419 1143 531 1207 Florus
557 1144 696 1206 inststere
724 1119 899 1214 destinatis,
932 1135 1076 1219 pellicere
1109 1131 1189 1192 alam

69 1259 72 1265 ⁴
155 1249 311 1328 equitum,
333 1271 411 1332 quae
440 1243 611 1333 conscripta
633 1273 649 1312 e
672 1249 814 1310 Treveris
834 1243 942 1306 militia
971 1242 1189 1340 disciplinaque
1259 1264 1265 1286 ν·

121 1435 124 1442 ⁴
152 1367 254 1416 nostra
274 1357 464 1437 habebatur,
487 1370 521 1420 ut
543 1363 636 1420 caesis
657 1357 894 1440 negotiatoribus
903 1353 1049 1426 Romanis
1072 1347 1188 1411 bellum

48 1521 55 1532 ,
85 1481 126 1528 10
144 1464 311 1546 inciperet3
348 1467 497 1548 paucique
526 1469 666 1548 equitum
701 1466 860 1548 corrupti,
894 1460 995 1546 plures
1027 1463 1058 1519 in
1088 1457 1187 1519 officio

148 1591 296 1636 mansere.
339 1571 434 1634 Aliud
456 1573 563 1655 vulgus
593 1557 807 1632 obaeratorum
836 1579 888 1630 aut
915 1567 1071 1630 clientium
1101 1587 1188 1636 arma
1212 1625 1215 1636 ,
1245 1649 1251 1670 Ι
1304 1598 1315 1618 κ

148 1683 245 1760 cepit3
270 1680 477 1762 petebantque
500 1657 613 1758 saltus,
636 1682 747 1766 quibus
769 1701 880 1740 nomen
903 1678 1092 1753 Arduenna,
1118 1696 1188 1738 cum

148 1784 207 1846 teo·
180 1807 285 1867 giones
305 1799 438 1870 utroque
457 1789 496 1850 ab
515 1793 658 1866 exercitu,
678 1811 752 1871 quas
765 1785 908 1848 Visellius
930 1798 959 1846 et
981 1787 1075 1847 Gaius
1095 1783 1188 1847 Silius
1239 1839 1242 1856 ,

148 1893 289 1960 adversis
310 1897 472 1960 itineribus
495 1897 689 1974 obiece1·‚ant
720 1905 898 1962 arcuerunt
941 1887 1191 1974 praemissusque
1266 1935 1291 1986 '.

72 1997 128 2078 ἰς
149 2020 219 2058 cum
241 1999 356 2062 delecta
380 2022 472 2066 manu
494 2001 589 2070 Iulius
610 2003 702 2066 Indus
724 2024 740 2064 e
762 2004 884 2063 civitate
915 2000 1038 2076 eadem,
1069 1997 1187 2062 discors

145 2104 240 2166 Floro
259 2119 289 2168 et
307 2109 348 2170 cb
373 2108 402 2170 id
426 2109 585 2176 navandae
605 2133 715 2190 operae
739 2111 873 2182 avidior„
890 2109 1079 2176 inconditam
1094 2105 1184 2168 mul-

144 2215 307 2276 titudinem
333 2217 432 2278 adhuc
448 2213 574 2280 disiecit.
619 2219 731 2286 Florus
749 2218 871 2288 iiicertis
901 2219 1028 2280 latebris
1054 2217 1184 2286 victores

146 2321 330 2400 frustratus,
354 2334 506 2405 postremo
533 2327 604 2388 visis
623 2327 768 2388 militibus
787 2330 840 2412 qui
867 2311 975 2412 eflugia
997 2327 1184 2408 insederant,

86 2425 197 2508 dsssua
220 2453 313 2496 tnanu
335 2433 459 2508 cecidit
506 2435 595 2518 lsque
619 2437 778 2508 Treverici
800 2436 947 2497 tumultus
969 2437 1046 2496 finis.
1089 2404 1184 2518 Apud

85 2552 125 2603 2ο
144 2537 273 2612 Aeduos
283 2542 381 2608 maior
400 2540 492 2602 moles
515 2553 636 2620 exorta,
668 2555 783 2624 quanto
816 2544 920 2604 civitas
947 2545 1120 2626 opulentior
1152 2539 1195 2607 et'
1233 2598 1235 2612 ,

142 2647 360 2726 οιιιιιιιιίιιιειιάἰ
378 2648 485 2728 procul
501 2633 694 2730 praesidium.
717 2649 973 2730 Augustodunum
993 2645 1086 2730 caput
1107 2673 1184 2748 qen·-

141 2753 179 2820 tis
202 2756 328 2817 armatis
354 2756 529 2818 cohortibus
563 2759 708 2825 Sacrovir
728 2769 929 2836 occupaverat
947 2757 1182 2829 nobilissimam-

7 2921 9 2928 .
104 2870 108 2876 ‘
145 2883 206 2944 que
224 2862 395 2938 Galliarum
415 2865 554 2945 subolem
584 2865 763 2946 liberalibus
790 2849 898 2939 studiis
927 2865 970 2930 ibi
1001 2874 1180 2952 operatamq

151 3083 339 3095 ἀ-αη--ιια

156 3179 157 3182 ¹
230 3201 253 3252 8.
265 3199 465 3278 conscriptae
496 3197 631 3273 Treveris]
655 3201 827 3272 conscriptae
845 3203 962 3262 treveris
983 3202 1036 3271 ’Μι
1063 3205 1181 3264 correxit

140 3257 287 3359 balterus

208 3408 248 3444 aa.
268 3391 502 3458 qutlissimarum
531 3359 581 3442 M:
592 3391 869 3473 nobilissimamque
894 3393 1072 3444 Pichena.—
1083 3392 1179 3449 Nemo

139 3484 219 3538 facile
238 3483 368 3555 probabit
385 3486 518 3538 rationem
539 3485 572 3534 ad
592 3485 792 3538 defendendam
810 3487 980 3556 desperatam
1004 3487 1069 3548 libri
1090 3491 1180 3542 Medi-

139 3581 180 3637 cei
201 3581 367 3654 scripturam
382 3596 397 3629 a
418 3577 563 3638 walthero
591 3580 772 3636 confidentius
790 3579 1024 3645 commendatam}
1049 3585 1179 3648 nimirum

139 3675 188 3736 ille
206 3672 431 3753 Augustodunum
449 3687 534 3756 caput
548 3677 638 3748 gentis
659 3691 707 3744 per
725 3694 754 3728 se
771 3685 893 3729 constare
911 3679 978 3729 fecit
995 3657 1097 3758 puncto
1117 3687 1179 3750 port

138 3770 229 3840 gentis
249 3769 350 3835 posito,
371 3777 402 3820 ac
421 3771 657 3822 nobilissimarum
674 3763 829 3829 Galliarum
848 3773 914 3827 subo
916 3773 967 3838 lem
985 3776 1181 3844 interpretatur

140 3863 373 3948 trobilr'snmarum
397 3863 474 3918 cat
462 3883 507 3918 tac
516 3866 699 3937 familiarum
720 3869 847 3932 subolem
884 3867 919 3922 Et
937 3871 971 3924 de
996 3870 1047 3923 hac
1061 3857 1180 3942 quidem

143 3928 370 4026 interpretatione
389 3971 453 4008 tane
472 3941 588 4018 mirifica
606 3977 662 4021 ιιοιι
681 3961 812 4041 estquod
832 3946 942 4032 dictiu3
969 3963 1016 4016 scd
1045 3965 1119 4038 quod
1138 3975 1179 4024 at·
