2826 4730
556 395 559 402 Ι
586 335 595 354 ·
677 297 889 368 tuuetmtt

19 571 20 578 ἵ
88 489 162 562 (uc
179 498 344 576 erenum,
367 497 432 568 post
453 481 572 550 celebre
611 507 730 550 carmen
746 532 758 560 ,
787 511 848 571 quo
876 492 1047 551 Germanici
1072 505 1208 572 suprema
1231 476 1281 544 ‹le-

249 591 399 663 fleverat,
423 595 552 672 pecuuia
575 593 721 654 donatum
739 617 755 654 a
776 581 927 672 Caesare,
962 598 1110 678 corripuit
1139 595 1282 674 delator,¹

249 700 404 760 obiectans
425 691 516 780 aegro
538 701 639 760 Druso
662 702 865 788 composuisse
884 701 987 784 qnod,
1010 703 1033 761 si
1057 705 1220 765 exstinctus
1237 702 1283 760 lu·

250 820 309 884 ret,
325 787 439 869 maiore
455 804 590 890 praemio
605 810 795 893 vulgaretur.
823 812 857 876 ld
870 814 963 872 Gaius
981 813 1128 872 Lutarius
1147 815 1176 871 in
1194 813 1282 872 domo

248 915 353 982 Publii
364 919 509 996 Petronii,
520 941 608 980 socru
622 918 816 979 einsVitellia
831 939 930 979 corani
945 919 1105 1002 multisque
1118 919 1284 980 illustribus
1299 906 1315 970 5

249 1026 379 1103 feminis,
390 1048 446 1107 per
461 1027 720 1108 ,vaniloquentiam
732 1027 856 1108 legerat.
872 1031 926 1100 ¹Ut
936 1029 1053 1090 delator
1068 1030 1190 1098 exstitit,
1211 1037 1284 1087 cete·

249 1136 289 1198 ris
301 1134 339 1194 ad
352 1133 515 1223 dicendane
533 1135 743 1194 testimonium
763 1137 928 1210 exterritis,
944 1131 1007 1193 sola
1022 1132 1145 1196 Vitellia
1161 1133 1237 1194 nihil
1253 1152 1284 1192 se

248 1237 400 1300 audivisse
423 1239 622 1300 asseveravit.
665 1239 725 1300 Sed
747 1241 945 1322 arguentibus
963 1239 1002 1300 ad
1025 1241 1192 1320 perniciem
1218 1241 1283 1322 plus

172 1395 178 1417 ,
248 1345 317 1408 lidei
339 1341 414 1423 fuit,
448 1347 656 1427 sententiaque
682 1347 798 1440 Haterii
815 1337 971 1430 Agrippae
984 1346 1116 1407 consulis
1136 1349 1282 1434 designati

249 1457 397 1524 indictum
420 1477 471 1515 reo
493 1457 635 1522 ultimum
657 1457 848 1538 supplicium,
899 1459 1012 1519 Contra
1041 1459 1164 1520 Marcus
1194 1442 1333 1540 Lepi·50

249 1568 305 1626 dus
319 1567 351 1626 in
365 1565 447 1632 hunc
459 1563 584 1633 niodum
598 1587 721 1626 exorsus
735 1576 791 1626 est.
809 1565 877 1644 „·Si,
890 1578 991 1648 patres
1004 1567 1179 1646 conscripti,
1192 1587 1285 1626 unum

200 1739 203 1744 ,
249 1673 281 1734 id
302 1683 489 1756 spectamus,
511 1656 606 1764 quam
625 1673 742 1734 nefaria
770 1693 845 1734 voce
877 1653 973 1733 ¹Gaius
997 1675 1139 1732 Lutorius
1164 1674 1284 1736 Priscus

248 1793 381 1860 piantem
403 1803 488 1844 suam
507 1793 540 1842 et
562 1803 650 1842 aures
673 1781 832 1842 hominurn
863 1779 1029 1864 polluerit,
1060 1801 1160 1862 neque
1186 1797 1285 1843 carcer

227 1931 230 1938 =
248 1911 347 1982 neque
368 1891 514 1972 laqueus,
537 1909 575 1950 ne
597 1887 723 1976 serviles
744 1889 869 1970 quidem
889 1889 1044 1951 cruciatus
1065 1889 1095 1946 in
1119 1903 1189 1948 eunt
1204 1886 1285 1948 suffe·

249 1999 355 2068 eerint.
395 2001 449 2060 Sin
471 1995 586 2082 flagitia
607 2009 637 2058 et
659 1997 790 2057 facinora
813 1983 877 2058 sine
904 1997 995 2086 modo
1017 2007 1107 2074 sunt,
1133 1996 1285 2078 suppliciis
1306 1991 1333 2056 15

250 2081 286 2166 ec
304 2105 460 2176 remediis
487 2087 635 2186 principis
663 2104 835 2175 moderatio
869 2106 1082 2186 maiorumopre
1119 2115 1150 2166 et
1185 2113 1286 2164 vestra

251 2211 389 2299 exempla
419 2221 599 2294 temperant,
621 2220 651 2272 et
673 2232 751 2273 vana
777 2231 795 2270 a
825 2209 971 2286 scelestis,
995 2211 1075 2271 dicta
1095 2233 1113 2272 a
1135 2211 1287 2288 malefiejis

251 2319 414 2396 differunt,
436 2327 482 2380 est
502 2316 587 2382 locus
609 2319 793 2393 sententiae,
815 2337 980 2400 perquam
1010 2340 1109 2400 neque
1133 2318 1207 2380 huic
1238 2318 1289 2378 de-

251 2426 358 2500 lictum
381 2429 503 2509 impune
524 2428 585 2503 sit,
607 2434 637 2485 et
669 2446 723 2484 nos
746 2421 923 2484 clementiae
945 2424 1034 2484 simul
1060 2447 1097 2485 ac
1122 2425 1288 2487 severitatis

203 2615 204 2622 ἵ
253 2553 314 2595 uon
338 2533 498 2614 paeniteab
529 2531 624 2620 Saepe
640 2533 743 2597 audivi
761 2532 924 2612 principem
946 2543 1084 2592 nostrum
1107 2546 1337 2618 conqueret-20

199 2704 203 2718 Ι
253 2633 337 2729 lem,
374 2641 399 2701 si
425 2642 491 2724 quis
518 2637 637 2723 slunpta
665 2649 764 2700 morte
795 2639 1035 2700 misericordium
1073 2641 1135 2700 eius
1167 2662 1290 2724 praeve.-

252 2735 358 2810 bisset.
400 2751 471 2810 Vita
495 2729 610 2811 Lutorii
635 2751 666 2809 in
687 2750 804 2831 integro
825 2761 891 2826 est3
914 2749 967 2830 qui
988 2769 1085 2832 neque
1104 2762 1244 2810 servatus
1260 2753 1290 2808 in

251 2857 420 2952 periculum
444 2860 485 2920 rei
508 2857 647 2940 publicae
668 2879 767 2938 neque
790 2855 970 2916 interiectus
990 2857 1020 2914 in
1036 2853 1205 2936 exemplum
1228 2857 1291 2914 ibit.

254 2969 360 3030 Studia
379 2965 441 3043 illi,
470 2976 511 3028 =ut
532 2966 622 3049 plena
643 2967 826 3038 vecordiae,
850 2967 891 3024 ita
914 2965 1016 3024 inania
1045 2977 1074 3024 et
1101 2963 1179 3024 lluxa
1201 2971 1289 3038 sunt;

254 3072 493 3158 necquicquam
519 3097 610 3158 grave
634 3096 669 3134 ac
692 3075 804 3133 serium
825 3090 859 3132 ex
882 3093 917 3129 eo
937 3082 1065 3145 metuas,
1091 3075 1142 3154 qui
1166 3093 1289 3132 suorum
1305 3062 1337 3124 25

254 3188 319 3270 ipse
340 3181 523 3268 flagitiorum
544 3183 685 3264 proditor
704 3201 767 3243 non
788 3182 929 3239 virorum
953 3183 1061 3240 animis
1092 3183 1143 3242 scd
1171 3181 1292 3240 mulier-

251 3292 395 3369 ¹cularum
412 3293 537 3374 arrepit.
562 3290 661 3350 Cedat
684 3299 786 3348 tamen
812 3288 906 3364 urbe,
931 3299 961 3347 et
981 3289 1070 3348 bouis
1085 3289 1199 3353 amissis
1216 3308 1291 3370 aqua

253 3413 288 3466 et
311 3404 373 3482 igni
393 3413 544 3464 arceatur.
566 3399 656 3480 Quod
680 3399 809 3478 perinde
830 3419 950 3470 censeo,
974 3420 1007 3456 ao
1030 3400 1052 3458 si
1076 3397 1140 3478 lege
1162 3401 1293 3458 maiesta-

255 3513 295 3572 tis
315 3507 497 3570 teneretur.”
528 3506 615 3566 Solus
636 3504 752 3584 Lepido
773 3503 931 3564 Rubellius
955 3501 1088 3564 Blandus
1118 3527 1134 3565 e
1156 3485 1336 3584 consula-51

257 3619 343 3678 ribus
358 3618 501 3678 assensit:
521 3613 614 3674 ceteri
634 3621 815 3673 seutentiam
844 3617 996 3694 Agrippae
1016 3615 1133 3685 secuti,
1168 3613 1292 3672 ductus·
1307 3613 1338 3670 3⁰

258 3814 521 3838 „m

348 3958 371 4006 8.
392 3951 536 4006 adsevavu
555 3952 598 4005 M:
624 3950 803 4006 adseveravit
823 3953 974 4007 beroaldus.
