2862 4726
212 244 274 310 248
639 234 856 300 masticat

60 452 90 523 (ι
111 429 293 512 afficiam
314 431 391 488 itum
410 399 586 502 srabdibus,
602 446 681 507 quae
703 425 816 486 totiens
844 446 998 506 repressae
1015 427 1112 490 miras
1126 447 1182 507 per
1202 446 1257 486 ar-

207 549 253 598 tes
271 557 392 624 rursum
426 535 618 599 oriebantur.
672 533 817 604 Sedturu
839 533 996 598 Gracchus
1023 543 1172 615 praetor,
1206 533 1258 592 eui

207 665 244 714 ea
267 644 405 727 quaestio
427 650 593 716 evenerat,
612 639 812 703 multitudiue
843 637 1084 720 periclitantium
1108 641 1256 700 subactus

206 749 327 810 rettulit
347 749 386 810 ad
407 761 548 810 senatum
565 773 576 828 ς
598 751 771 832 trepidique
784 761 887 830 patres
906 750 1025 832 (neque
1057 750 1139 812 enim
1166 750 1268 832 quis·.

206 879 300 939 qnam
314 857 366 920 tali
389 859 479 940 culpa
505 860 631 941 vacuus)
662 861 784 918 veniam
814 879 834 917 a
863 858 1002 940 principe
1037 860 1188 940 petiverc3
1221 864 1292 925 ct5

212 966 398 1032 concedente
434 987 531 1026 annus
560 969 593 1026 in
623 978 778 1049 posterum
799 987 909 1047 sexque
931 986 1050 1026 menses
1071 965 1159 1046 dati,
1187 967 1259 1048 quis

210 1075 382 1144 seeundum
407 1077 487 1138 iussa
514 1073 587 1158 legis
607 1077 739 1136 rationes
759 1074 924 1134 firmitates
944 1075 1075 1156 quisquc
1094 1095 1260 1156 cumpone-

208 1192 293 1252 reut.
345 1183 425 1242 Hinc
445 1183 547 1264 inopia
581 1184 625 1242 rei
654 1183 839 1260 numeriae,
872 1192 1027 1243 commoto
1050 1181 1310 1264 simulontni-1'1

190 1309 263 1361 artu
282 1309 351 1348 aere
376 1287 496 1366 alieno,
520 1299 551 1348 et
570 1288 643 1370 quia
662 1297 708 1346 tot
729 1286 881 1348 damnatis
902 1289 1052 1370 bonisque
1074 1311 1184 1350 corum
1208 1291 1258 1350 di·
1317 1366 1322 1374 ι

208 1395 340 1456 venditis
357 1397 512 1478 signatum
531 1405 694 1476 argentum
718 1393 790 1454 fisco
808 1393 857 1453 vel
892 1395 1013 1454 aerario
1046 1395 1248 1470 attinebatur.
1276 1417 1332 1458 ro·

208 1501 258 1562 Ad
277 1500 337 1560 boc
351 1511 473 1562 senatus
493 1501 737 1582 praescripserat,
758 1499 835 1559 duas
856 1503 985 1581 quisque
1014 1500 1130 1569 fenoris
1151 1519 1255 1585 parim

209 1609 241 1670 in
265 1609 345 1692 agris
365 1630 422 1690 per
444 1608 564 1670 ltaliam
586 1607 760 1673 collocaret.
802 1591 865 1668 Sed
882 1608 1048 1668 creditores
1068 1609 1098 1670 iu
1120 1608 1255 1671 solidum

209 1715 428 1801 appellabant3
449 1737 508 1778 nec
541 1715 687 1776 decorum
712 1713 869 1797 appellatis
899 1719 1037 1776 minuere
1058 1715 1159 1779 fidem.
1203 1721 1252 1778 lta

162 1803 168 1806 .
207 1829 308 1908 primo
329 1827 522 1886 concursatio
540 1837 571 1886 et
590 1845 712 1906 preces‚·
729 1827 800 1886 dein
823 1837 959 1908 strepere
979 1825 1129 1906 praetoris
1151 1824 1254 1884 tribu-

136 1915 141 1921 *
208 1934 285 2014 nal;
310 1955 409 2018 eaque
430 1957 509 2016 quae
530 1937 668 1996 remedio
690 1937 839 2018 quaesita,
863 1935 1001 1996 venditio
1023 1943 1054 1994 et
1073 1935 1198 2013 emptio,
1221 1934 1254 1994 in
1272 1936 1308 1999 15
1400 2012 1403 2021 Ι

211 2047 397 2109 contrariom
425 2047 562 2121 mutari,
597 2045 669 2126 qnia
710 2045 900 2105 feneratores
938 2065 1061 2104 omnem
1096 2043 1259 2124 pecuniam

215 2152 387 2212 mercandis
407 2151 488 2232 agris
508 2150 720 2210 condiderant.
762 2153 890 2233 Copianr
912 2151 1064 2212 vendendi
1085 2163 1189 2212 secuta
1210 2152 1258 2211 vi·

211 2261 318 2340 litate,
338 2268 455 2342 quomo
476 2261 546 2340 quis
565 2259 765 2338 obaeratior,
787 2249 916 2344 aegrius
929 2259 1151 2334 distrahebant,
1174 2259 1259 2322 mul·

212 2369 300 2450 tique
320 2368 449 2428 fortunis
469 2365 758 2449 provolvebantur;
780 2373 898 2432 eversio
929 2373 973 2432 rei
1009 2369 1169 2430 &ordiaris
1209 2368 1258 2430 di-

215 2477 361 2558 gnitatem
382 2497 418 2536 ae
437 2477 547 2538 famam
558 2499 706 2560 praeceps
725 2479 829 2551 dabat,
850 2481 949 2541 donec
959 2478 1030 2540 tulit
1039 2499 1129 2560 opem
1140 2479 1255 2540 Caesar
1273 2497 1310 2540 ao

207 2584 361 2666 disposito
390 2607 444 2667 per
464 2607 586 2646 mensas
604 2585 703 2647 milies
735 2587 895 2662 sestertio,
930 2586 1069 2668 laetaque
1098 2584 1259 2645 mutuandi

156 2690 165 2702 '
216 2692 307 2772 copia
328 2693 393 2753 sinc
413 2695 514 2752 ns'uris
535 2715 593 2774 per
607 2689 799 2768 trichnium,
822 2696 848 2753 si
860 2693 995 2771 xdebitor
1014 2692 1130 2774 populo
1149 2692 1181 2750 in
1202 2691 1259 2749 du·

215 2795 301 2880 plum
321 2799 454 2881 praediis
477 2785 615 2866 cavisset.
657 2799 842 2862 Sicrefecta
861 2793 958 2875 fidesj
976 2813 1007 2860 et
1027 2801 1176 2883 paulatim
1194 2799 1258 2882 pri·

218 2907 284 2968 vati
306 2929 430 2993 quoque
448 2909 615 2970 creditores
634 2912 759 2992 reperti.
781 2909 886 2990 Neque
907 2911 1023 2991 emptio
1044 2929 1189 2992 agrorum
1205 2928 1256 2966 ex-

215 3014 308 3073 ercita
330 3014 369 3073 ad
389 3015 519 3076 formam
539 3025 664 3076 senatus
683 3017 837 3092 consulti,
862 3015 1010 3098 acribus,
1034 3029 1068 3078 ut
1088 3018 1185 3078 ferme
1207 3027 1254 3076 ta·
1275 3017 1311 3081 25

216 3121 258 3183 lia
274 3167 285 3202 ‚
303 3123 415 3199 initiis,
439 3124 590 3186 incurioso
609 3127 681 3188 fine.

215 3331 350 3392 vertitur,
367 3331 399 3382 fit
416 3349 537 3384 versura.
574 3331 671 3400 Itaque
691 3332 751 3398 lege
776 3329 827 3380 illa
852 3338 961 3381 cantum
986 3336 1046 3391 est,
1071 3343 1107 3378 ue
1133 3345 1167 3379 ex
1190 3325 1258 3396 ipsis

138 3422 141 3426 ’
216 3426 308 3476 usuris
324 3441 412 3478 novae
429 3443 529 3482 usurae
545 3433 763 3496 procrearentur.
798 3425 861 3474 Non
880 3431 1004 3474 accurate
1023 3423 1058 3474 de
1076 3438 1109 3471 ca
1121 3422 1181 3489 lege
1199 3428 1257 3500 ret-

222 3518 289 3570 tulit
305 3520 400 3590 ¹Livius
417 3522 484 3582 vn,
505 3523 547 3586 (a.
566 3521 682 3572 Praeter
696 3519 764 3570 lruee
781 3520 895 3572 invenio
913 3517 989 3588 apud
1005 3515 1138 3589 quosdam
1155 3517 1185 3570 L
1206 3518 1258 3568 Ge·

219 3615 331 3666 ιιιείωιι
349 3615 490 3669 tribunum
508 3616 594 3684 plebis
611 3615 707 3666 tulisse
728 3613 767 3666 ud
781 3616 927 3684 populum,
947 3631 981 3665 ne
998 3613 1135 3684 sennan
1152 3612 1257 3664 tieem.

220 3711 365 3764 Versuram
381 3713 476 3778 faeere
493 3711 634 3763 annalium
651 3716 879 3782 auctores,‘quns
897 3709 992 3762 Livius
1010 3709 1087 3782 legit,
1106 3706 1258 3780 appeturso

210 3805 346 3876 ,fenerare
365 3805 494 3863 arbitror,

288 3901 330 3974 alp
348 3899 442 3954 ciritio
460 3899 497 3951 bl.
