2900 4724
488 305 568 366 uhtu.
592 305 662 367 Xll.
704 304 796 368 CAP.
817 309 948 374 12—15.
1165 309 1226 376 305

104 541 108 560 ,
193 487 369 551 cantationes
390 497 420 548 et
445 487 625 549 nuntiusad
647 488 797 570 praelium
817 497 997 562 vocaretur,
1021 500 1141 551 nectere
1164 495 1265 563 τοο-(α
1283 489 1375 564 (1.49.)

173 613 265 672 „ras‚
288 591 370 654 locos
393 603 524 673 mutare,
548 604 579 656 et
606 597 702 657 missis
731 597 964 680 corruptoribus
994 597 1159 656 exuendam
1190 595 1231 658 ad

193 698 282 760 iidem
307 699 406 760 hostes
430 703 587 762 emercari.
633 701 681 761 Ex
701 705 776 783 quis⁴
794 705 886 764 Izates
901 701 1067 778 Adiabena,
1094 706 1233 782 moch-
1289 683 1297 692 l

193 805 289 868 barus
312 807 453 868 Arabum
474 827 545 868 com
574 811 707 868 exercitu
729 810 924 888 abscedunt,
955 809 1078 870 levitate
1105 810 1230 890 gentili,

158 914 228 976 set
250 917 325 996 quia
342 915 554 996 experimentis
574 919 729 998 cognitum
758 929 802 977 est
834 917 982 978 barbaros
1013 914 1103 977 malle
1134 920 1233 980 Roma

195 1033 299 1104 petere
321 1045 406 1106 reges
426 1038 518 1106 quam
538 1023 661 1084 habere.
707 1027 746 1086 At
769 1011 962 1086 Meherdates
990 1023 1094 1086 validis
1116 1027 1232 1086 auxiliis

194 1129 348 1201 nudatus,
373 1141 543 1190 ceterorum
563 1130 735 1210 proditione
757 1141 916 1212 suspecta,
940 1130 1023 1212 quod
1053 1151 1150 1190 unum
1182 1151 1233 1190 re-

195 1236 329 1318 liquum,
353 1257 418 1296 rem
443 1239 474 1295 io
508 1257 611 1296 casum
644 1235 719 1296 dare
752 1238 929 1318 praelioque
958 1237 1086 1317 experiri
1115 1238 1230 1296 statuit.

195 1341 260 1402 Nec
280 1341 462 1402 detrectavit
486 1361 617 1424 pugnarn
629 1341 771 1400 Gotarzes
795 1341 958 1400 deminutis
976 1340 1115 1400 hostibus
1139 1340 1232 1406 ferox.

142 1446 446 1528 10Concursumque
475 1465 585 1528 inagna
617 1443 709 1526 caede
741 1452 773 1502 et
802 1431 944 1526 ambiguo
974 1454 1104 1518 eventu,
1134 1446 1232 1508 donec
1309 1457 1312 1465 '

195 1552 342 1612 Carenem
355 1551 521 1633 profligatis
542 1549 679 1610 obversis
701 1545 821 1628 longius
839 1555 978 1621 evectum
1000 1546 1117 1627 integer
1137 1562 1233 1612 ater.

194 1677 233 1737 go
254 1658 361 1737 globus
383 1657 628 1718 circumveniret.
670 1655 752 1714 Tum
774 1655 858 1712 omni
881 1673 933 1734 spe
962 1653 1079 1734 perdita
1110 1657 1232 1719 Meher-

192 1763 294 1838 dates,
317 1763 464 1844 promissa
496 1761 661 1824 Parrhacis
690 1756 810 1841 paterni
839 1757 959 1820 clientis
990 1770 1131 1838 secutus,
1161 1765 1233 1827 dolo

193 1872 257 1930 eius
278 1870 411 1932 vincitur
432 1867 626 1950 traditurque
646 1868 764 1928 victori.
807 1867 912 1947 Atque
941 1863 993 1928 ille
1015 1891 1076 1930 non
1105 1876 1233 1954 propin-

12 2012 16 2022 ·
125 1971 176 2046 '15
194 1991 289 2059 quum
308 1997 408 2058 neque
425 1976 546 2063 Arsacis
568 1974 742 2058 degente,
759 1973 811 2034 sed
837 1974 1036 2058 alienigenam
1066 1988 1097 2040 et
1117 1980 1233 2042 Roma.

193 2106 267 2146 num
290 2087 469 2165 increpans,
491 2081 614 2142 auribus
637 2080 744 2142 decisis
765 2081 872 2142 vivere
891 2083 997 2161 iubet,
1019 2087 1149 2146 ostentui
1170 2087 1233 2148 cle·

192 2193 323 2252 mantiae
344 2209 415 2252 suae
446 2198 476 2250 et
506 2192 539 2248 in
567 2209 621 2248 nos
644 2187 923 2256 dehonestamento.
975 2191 1055 2254 Dein
1087 2195 1231 2257 Gotarzes

192 2285 415 2372 morho‘ohiit,
442 2300 615 2378 accitusque
637 2298 668 2364 in
691 2317 818 2380 regnum
843 2297 992 2361 Vonones
1024 2301 1130 2386 Medos
1163 2314 1230 2366 tum

190 2405 374 2490 praesidens.
417 2401 507 2464 Nulla
527 2403 600 2464 huic
619 2424 764 2485 prospera
785 2415 838 2465 aut
862 2405 1005 2484 adversa,
1032 2409 1099 2490 quis
1120 2407 1230 2472 memo·

132 2539 175 2582 20
192 2524 319 2576 raretur.
360 2512 450 2573 chvi
471 2521 500 2571 et
522 2503 653 2594 inglorio
674 2513 802 2592 imperio
826 2513 1004 2593 perfunctus
1026 2526 1091 2592 cst,
1121 2539 1230 2602 resque

76 2651 86 2657 ·
181 2611 376 2680 ¹Parthorum
397 2619 429 2676 in
449 2615 544 2678 lilium
566 2617 630 2678 eius
653 2616 824 2698 Vologesen
848 2619 1022 2680 translatae.

136 2731 192 2814 15
274 2727 314 2788 At
337 2723 528 2784 Mithridates
541 2725 741 2822 'Bosporanus
760 2725 874 2786 amissis
894 2727 1003 2810 opibus
1017 2747 1123 2811 vagus,
1148 2742 1230 2810 post-

190 2855 282 2917 quam
305 2831 429 2892 Didium
453 2830 561 2902 ducem
583 2831 754 2892 Romanum
776 2831 931 2914 roburque
964 2835 1111 2896 exercitus
1132 2837 1229 2900 abisse
1274 2907 1280 2914 ,
1396 2850 1400 2860 ’

191 2949 390 3024 cognoverat,
413 2935 532 3022 relictos
554 2935 586 2996 in
614 2958 696 3000 novo
717 2959 812 3021 regno
839 2938 937 3023 Cotyn
965 2942 1088 3002 iuventa
1119 2942 1239 3021 rudem
1290 2911 1293 2930 Ι

132 3063 175 3126 25
193 3055 224 3111 et
245 3067 355 3128 paucas
382 3044 551 3106 cohortium
581 3065 650 3104 cum
680 3044 758 3106 Iulio
786 3046 898 3128 Aquila
927 3047 1028 3130 equite
1062 3051 1226 3131 Romano,
1335 3095 1338 3101 v

193 3157 308 3237 spretis,
336 3153 476 3233 utrisque
498 3153 618 3212 concire
643 3153 800 3230 nationes,
827 3152 940 3214 illicere
963 3155 1126 3238 perfugas3
1149 3172 1227 3240 post*
1356 3143 1360 3150 r

117 3237 120 3246 ¹
192 3281 275 3322 remo
296 3259 427 3322 exercitu
447 3267 556 3318 coacto
576 3279 679 3340 regem
714 3258 962 3322 Dandaridarum
998 3263 1139 3324 exturbat
1169 3268 1226 3325 im·

192 3372 338 3452 perioque
357 3363 423 3431 eius
441 3368 569 3451 potitur.
612 3369 700 3448 Quae
720 3367 916 3458 ubiqcognita
945 3379 976 3430 et
1009 3372 1070 3430 iam
1102 3353 1226 3456 iamque

149 3497 151 3505 ⁴
193 3476 362 3557 Bosporum
397 3477 558 3538 invasurus
600 3473 789 3552 habebatur,
830 3470 918 3533 diffisi
948 3475 1076 3568 propriis
1108 3480 1224 3542 viribus
1270 3537 1274 3542 .

191 3590 278 3602 ..ι-...-

267 3633 304 3684 13.
322 3631 452 3684 Parracis
469 3629 519 3684 hit.

264 3742 305 3778 aa.
324 3712 512 3794 herstanum
530 3724 588 3786 Mt,
609 3731 637 3775 et
655 3741 677 3773 c·
699 3724 741 3776 63.
757 3720 1005 3795 bosphorienoque.
1053 3765 1055 3770 ,

265 3839 305 3890 ²9·
327 3817 494 3892 diffisirhltz
510 3817 600 3889 diffisi
617 3818 742 3871 Picheua.
761 3819 826 3868 Mox
841 3817 1037 3885 Syracusarum
1050 3819 1158 3878 euna:
1178 3823 1221 3874 Si·

194 3933 320 3972 racorum
339 3913 455 3984 Lipsius.
492 3915 565 3966 latre
583 3895 759 3990 onerasset
776 3912 886 3964 Siracos
901 3912 949 3964 Ma,

1018 3987 1057 4051 20
