2862 4730
869 111 881 158 l

388 223 392 228 ’
502 263 576 326 mu.
597 261 634 325 11.
677 265 765 326 ula.
786 267 881 336 4·6·
1173 270 1211 334 tt

168 467 284 512 annum
304 449 497 534 belligeranti
516 470 607 514 saeva
631 449 679 514 vel
704 469 847 534 prospera
868 451 1054 514 evenissent.
1107 448 1209 513 Fundi
1226 455 1254 524 (ι
1267 453 1296 510 c.
1308 457 1360 522 16.)

75 612 77 624 .
111 569 116 576 ”
168 561 339 620 Germanos
360 559 424 620 aeia
444 569 476 622 et
496 559 584 620 iustis
600 557 696 638 locis,
718 559 816 622 iuvari
831 558 917 622 silvis
936 556 1119 642 paludibus,
1142 560 1213 623 bre

167 668 198 728 vi
220 678 333 730 aestate
354 678 385 730 et
407 675 609 750 praematupa
631 667 756 737 hieme:
778 689 868 731 suum
890 666 1019 729 militem
1037 667 1121 730 haud
1141 689 1213 753 per·

166 774 241 838 inde
259 775 440 839 vulneribus
462 797 554 860 quam
575 779 679 859 spatiis
710 778 872 856 itinerum,
908 777 1021 838 damno
1054 797 1213 841 armorum

129 875 265 964 {iaffici3
298 884 392 972 fessas
421 884 536 947 Gallias
563 885 772 948 ministrandis
794 887 902 969 equis3
935 863 1060 968 longum
1082 885 1211 969 impedi·

165 1003 341 1054 mentorum
363 1015 471 1076 agmen
496 1003 704 1076 opportunum
734 973 773 1055 ad
807 994 952 1088 insidias,
983 992 1212 1068 defensantibus

165 1103 317 1183 iniquum.
360 1102 404 1162 At
425 1103 451 1164 si
474 1123 560 1164 mure
579 1103 731 1182 intretur,
757 1113 933 1187 promptam
954 1105 1026 1186 ipsis
1048 1107 1211 1186 possessio*

165 1231 235 1270 nem
255 1221 286 1272 et
308 1211 447 1273 hostibus
468 1214 624 1294 ignotum3
654 1211 745 1273 simul
777 1212 895 1274 bellum
924 1215 1075 1282 maturius
1102 1214 1207 1296 incipi.

164 1316 363 1400 legionesque
379 1331 409 1380 et
430 1305 617 1384 commeatus
638 1323 757 1406 pariter
777 1323 848 1384 vehi
865 1345 874 1402 3
897 1324 1053 1404 integrum
1076 1324 1210 1404 equitem

113 1447 316 1509 roequosque
335 1449 391 1510 per
411 1449 466 1489 ora
490 1441 520 1518 et
543 1429 646 1492 alveos
667 1429 830 1492 liumir'rum
851 1432 951 1494 media
982 1433 1012 1491 iu
1044 1431 1210 1491 Germania

122 1532 240 1612 6iore.
284 1526 382 1617 {giem
410 1537 472 1598 hirc
505 1537 661 1616 intendit,
696 1539 795 1622 missis
830 1537 869 1598 ad
900 1559 1008 1600 census
1037 1535 1211 1597 Galliarum

163 1643 278 1703 Publio
288 1643 414 1706 Vitellio
439 1656 470 1718 et
489 1645 567 1706 Gaio
588 1646 694 1710 Antio.
715 1645 808 1708 Silius
829 1655 859 1706 et
881 1645 1011 1705 Anteius
1032 1656 1062 1706 et
1081 1643 1211 1705 Caecina

164 1751 360 1812 fabricandae
378 1743 465 1813 classi
489 1761 734 1835 praeponuntur.
776 1751 851 1813 Mile
870 1773 961 1814 naves
983 1735 1119 1814 sufficere
1130 1755 1213 1814 uisae

162 1853 430 1942 properansque,
463 1859 544 1922 aliae
573 1861 701 1940 breves,
732 1871 859 1944 angusta
891 1859 985 1942 puppi
1007 1881 1159 1944 proraque
1181 1872 1211 1922 et
1290 1895 1293 1900 ·

118 1949 230 2026 ¹5lat0
255 1974 363 2042 utero,
386 1986 449 2048 quo
462 1945 594 2027 ‘sarcilius
615 1967 731 2029 fluctus
750 1967 936 2046 tolerarent3
971 1969 1121 2050 quaedam
1143 1965 1210 2050 pla-

162 2093 222 2134 nae
243 2073 371 2150 carinis,
395 2083 430 2134 ut
451 2076 519 2138 siue
536 2096 613 2136 noxa
635 2074 795 2156 siderent3
814 2075 924 2158 plures
940 2079 1086 2160 appositis
1108 2079 1211 2138 utrin-

69 2212 73 2226 ι
162 2201 224 2262 que
250 2181 484 2265 gubernaculis,
516 2182 667 2246 conuerso
694 2197 729 2245 ut
759 2195 887 2267 repente
911 2186 1042 2270 remigio
1068 2185 1140 2248 hino
1161 2185 1212 2250 vel

162 2285 247 2350 illinc
275 2289 474 2373 appellerent.
517 2291 635 2354 Multae
669 2291 814 2374 pontibus
849 2305 980 2370 stratae,
1014 2315 1108 2376 super
1134 2315 1214 2378 quas

163 2405 318 2460 tormenta
341 2401 554 2476 veherentur,
576 2400 668 2462 simul
689 2411 779 2483 aptae
801 2401 935 2462 ferendis
959 2389 1044 2484 cquis
1055 2411 1110 2462 aut
1124 2425 1210 2464 com·

119 2505 305 2584 comeatui,
333 2506 410 2568 velis
427 2507 567 2588 habiles,
594 2511 672 2570 citae
693 2509 806 2584 remis,
839 2497 1034 2592 augebantur
1054 2508 1236 2571 alacritate-¹

162 2612 297 2708 militum
318 2616 350 2676 iu
372 2618 505 2698 speciem
524 2638 558 2682 ac
580 2626 737 2680 terrorem
792 2616 898 2678 Insula
930 2618 1143 2688 Batavorum,
1179 2617 1212 2676 iu
1255 2681 1261 2696 ‚

163 2745 258 2805 quam
280 2723 497 2802 conuenirent,
527 2713 705 2806 praedicta,
741 2722 782 2786 ob
804 2722 910 2784 faciles
934 2723 1078 2805 appulsus
1099 2725 1212 2804 accipi·
1287 2758 1289 2762 ·

128 2857 131 2863 ·
163 2831 315 2915 endisque
332 2833 429 2914 copiis
456 2842 493 2893 et
519 2830 792 2900 transmittendum
818 2830 859 2894 ad
885 2828 1003 2894 bellum
1027 2841 1216 2912 opportunan

164 2937 245 3000 Nam
269 2938 397 3000 Rhenus
427 2956 493 3000 uno
512 2936 603 3000 alueo
630 2917 812 3014 eorrtinous,¹
847 2947 900 2998 aut
929 2936 1077 3010 modicas,
1095 2933 1213 2998 insulas

118 3045 428 3124 adolrcumveniens,
450 3043 534 3129 apud
553 3046 739 3128 principium
762 3045 826 3130 agri
845 3039 953 3106 Batavi
976 3043 1060 3107 uelut
1082 3043 1112 3104 in
1134 3043 1218 3106 duos

163 3175 271 3216 amnes
290 3153 453 3235 dividitur,
473 3163 637 3237 seruatque
655 3173 767 3242 nomeu
788 3161 821 3216 et
837 3151 1016 3215 uiolentiam
1029 3171 1136 3215 cursus
1150 3171 1213 3235 qua

162 3429 228 3474 runt
244 3421 305 3474 riae
328 3435 400 3492 quae
416 3419 522 3474 doeunt
540 3419 578 3472 ad
593 3418 759 3489 pecuniam,
785 3419 1014 3492 quemulssodum
1039 3418 1219 3491 praeliorum

162 3519 223 3572 riae
243 3535 314 3589 quae
332 3517 439 3572 ducunt
455 3516 493 3570 ad
510 3517 624 3586 praetia.
661 3515 760 3570 Nostra
775 3515 830 3570 loci
848 3515 1050 3584 interpretatio.
1065 3531 1121 3568 uon
1141 3517 1213 3570 mul·

163 3619 221 3664 tum
238 3611 343 3666 recedit
362 3615 403 3667 ab«
416 3631 449 3668 ee
468 3629 553 3686 quam
573 3611 768 3667 Lallemundus
788 3621 817 3666 et
834 3590 952 3667 wolfius
967 3628 1145 3684 proposuere:
1164 3629 1212 3664 es-

159 3709 250 3778 gieore
268 3711 370 3784 quibus
389 3713 459 3766 oiis
475 3709 577 3763 doment
595 3695 771 3782 adpugnare
789 3709 926 3771 eliceret,
942 3709 996 3763 uisi
1018 3709 1094 3784 quoti
1112 3709 1145 3762 ue
1157 3709 1212 3781 tit}

168 3806 268 3861 ciendo
290 3808 326 3860 ad
346 3823 466 3877 pugnam
486 3805 566 3859 hoste
583 3803 699 3876 cogitari
717 3805 814 3868 nolim.
866 3801 869 3806 “

234 3921 275 3957 ra.
295 3903 370 3959 Gaio
388 3900 488 3976 merto}
507 3903 609 3957 Contio
627 3901 673 3956 tt:
694 3901 722 3954 G.
739 3903 823 3958 Arrio
842 3903 964 3957 Ursinus
