2900 4706
462 267 537 338 ue.
558 213 653 328 riv(
675 267 761 338 cair.
784 270 916 334 eraem.
1138 260 1199 328 tm

177 447 239 514 bus.
254 415 500 514 militi-busservi
527 444 688 527 libertique
716 446 851 527 obligant
875 446 1023 528 brachia,
1055 453 1229 523 praecauta
1251 455 1348 523 C,6⁵·)

175 552 372 630 sauguinem,
394 549 541 610 incertum
562 573 599 611 an
620 553 751 632 ignarae.
792 549 870 608 Nam
894 559 928 608 ut
949 559 994 608 est
1025 549 1134 631 vulgus
1161 550 1201 610 ad

175 659 327 718 deteriora
350 670 545 740 promptum„
571 681 639 720 non·
659 659 780 718 deluere
810 659 862 738 qui
892 658 1073 730 crederent,
1103 659 1200 719 donec
1281 697 1294 724 .

177 763 402 844 implacabilem
424 765 582 829 Neronem¹
598 767 745 838 timuerit,
768 765 875 822 lamam
898 767 1026 826 sommae
1046 786 1115 826 cum
1137 787 1199 827 ma·

140 863 235 931 5rito
256 874 357 931 mortis
378 871 531 952 petivisse,
557 872 666 931 deiude
686 870 792 929 oblata.
807 872 924 929 mitiore
939 893 990 952 spe
1010 869 1200 934 blandimen-

174 979 212 1045 tis
233 978 312 1038 vitae
335 981 482 1057 evictam
503 981 550 1038 oui
574 979 690 1039 addidit
713 999 825 1058 paucos
847 989 950 1058 postea
972 997 1076 1052 annos,
1099 975 1199 1042 lauda·

173 1086 226 1145 bili
248 1089 279 1146 in
297 1089 437 1148 maritum
461 1089 631 1164 memoria,
646 1099 676 1148 et
697 1109 758 1164 ore
769 1108 803 1146 ac
823 1088 968 1146 membris
989 1087 1022 1146 ia
1038 1104 1111 1168 ¹cum
1133 1087 1199 1166 pal-

173 1190 267 1250 lorem
288 1191 483 1260 albentibus,
506 1205 543 1252 ut
558 1196 690 1254 ostentui
712 1205 788 1256 esset
808 1193 938 1254 multum
956 1194 1056 1254 vitalis
1075 1195 1199 1274 spiritus

172 1308 317 1378 egestum.
358 1300 473 1358 Seneca
496 1301 635 1375 iuterim,
657 1302 786 1359 durante
820 1309 920 1362 tractu
956 1309 988 1358 et
1019 1301 1200 1362 lentitudine

89 1469 95 1477 ,
123 1426 158 1466 to
175 1405 296 1480 nanctis,
313 1405 446 1464 Statium
473 1406 657 1482 Annaeum,
682 1405 740 1464 diu.
756 1406 811 1464 sibi
835 1403 983 1464 amicitiae
1005 1400 1062 1464 lide
1084 1417 1116 1466 et
1136 1419 1199 1466 arte

172 1511 339 1572 medicinae
357 1513 544 1592 probatum,
571 1523 661 1582 orat,
686 1513 845 1591 provisum
878 1509 996 1590 pridem
1025 1531 1197 1582 venenum,

172 1641 234 1701 quo
254 1621 386 1682 mutuati
406 1621 530 1704 publico
547 1622 778 1682 Atheniensium
794 1619 909 1694 iudicio
924 1621 1202 1696 exstinguerentur,

172 1739 352 1805 promeret3
376 1726 560 1807 allatumque
583 1726 681 1785 hausit
701 1727 832 1802 frustra,
862 1725 986 1806 frigidus
1018 1725 1075 1782 iam
1094 1719 1200 1799 'artum

171 1843 201 1890 et
222 1831 305 1892 cluso
322 1853 454 1912 corpore
470 1834 626 1893 adversum
644 1835 704 1892 vim
724 1834 839 1892 veneni.
882 1832 1042 1892 Postremo
1061 1843 1199 1912 stagnum

112 1935 150 1996 16
169 1937 284 1997 calidae
307 1960 402 2020 aquae
424 1927 552 2016 introiit,
579 1961 754 2020 respergens
776 1941 927 2019 proximos
947 1959 1123 2013 servorum,
1146 1939 1200 1996 ad-

171 2043 234 2110 dita
254 2063 352 2122 voce,
387 2043 485 2105 libare
502 2068 534 2106 se
551 2039 700 2126 liguorem
722 2046 808 2106 illum
830 2048 893 2106 lovi
914 2043 1080 2118 liberatori.
1121 2045 1198 2104 Exin

170 2150 280 2224 balneo
301 2153 403 2213 illatus
424 2163 455 2212 et
476 2176 591 2234 vapore
615 2157 678 2214 aius
709 2157 911 2232 eariniinatus,
933 2156 998 2214 siue
1021 2151 1084 2210 ullo
1112 2152 1199 2210 lune·

168 2258 210 2316 ris
233 2258 349 2328 solenni
381 2272 541 2320 crematur.
586 2261 629 2318 lta
658 2261 813 2321 'codicillis
837 2263 1096 2341 praescripserat,
1129 2280 1198 2316 curn

168 2367 262 2424 etiam
278 2376 342 2424 tum
359 2366 515 2445 praedives
528 2378 558 2430 et
574 2375 752 2446 praepotens
773 2368 920 2448 supremis
936 2369 996 2428 suis
1017 2365 1196 2430 consuleret.

112 2467 264 2544 65l³ama
297 2473 354 2532 soit
394 2475 537 2533 Subrium
567 2474 695 2533 Flavum
727 2496 795 2532 cum
822 2453 1051 2534 centurionibus
1080 2479 1220 2534 occultos

168 2577 314 2654 consilio,
353 2599 460 2660 neque.
487 2589 588 2636 tamen
625 2580 782 2658 ignorante
814 2581 949 2652 Seneca,
982 2581 1194 2652 destinavisse,
1246 2608 1252 2612 ·
1328 2584 1330 2592 ’

169 2697 203 2742 ut
227 2695 292 2763 post
313 2686 445 2742 occisum
467 2704 558 2762 opera
574 2683 856 2742 PisonisNeronem
877 2685 947 2744 Piso
966 2705 1085 2764 quoque
1106 2687 1197 2746 intor-

169 2790 329 2866 tioeretur‚
354 2789 588 2869 tradereturque
609 2791 767 2868 imperium
787 2769 939 2864 Senecae,
963 2796 1046 2870 quasi
1068 2793 1195 2852 insonti·
1228 2863 1229 2880 Χ

127 2950 131 2960 ,
168 2897 226 2954 bus
258 2895 437 2956 claritudine
460 2899 606 2956 virtutum
640 2896 678 2954 ad
708 2917 863 2956 summum
891 2897 1040 2976 fastigium
1069 2892 1196 2959 delecto.

65 3081 67 3084 Ι
109 3019 150 3080 25
169 3005 251 3081 Quin
274 3005 411 3066 etverba
434 3007 517 3064 Flavi
541 3005 758 3086 vulgabantur,
789 3027 848 3063 non
885 3006 1002 3064 rel'erre
1033 3007 1193 3082 dedecori,

169 3114 193 3170 si
212 3113 402 3174 citharoedus
423 3115 689 3176 demoveretur-et-
711 3113 871 3194 trogoedus
899 3114 1097 3188 succederet,
1122 3120 1194 3196 quia

169 3232 202 3280 ut
224 3221 302 3280 Nero
326 3199 469 3297 cithara,
492 3223 531 3280 ita
554 3223 622 3280 Piso
644 3225 762 3302 tragico.
777 3231 887 3282 ornatu
909 3221 1042 3282 canebat.
1082 3211 1085 3216 ’

110 3335 165 3414 66
252 3331 391 3390 Ceterum
419 3328 553 3388 militaris
573 3353 691 3410 quoque
713 3331 893 3410 conspiratio
916 3350 975 3388 uon
996 3328 1076 3390 ultra
1108 3332 1193 3390 fefel-

159 3422 216 3506 lit,
237 3437 366 3494 accensis
384 3437 580 3496 indicibusad
603 3437 789 3516 prodendum
813 3435 1081 3512 uniuersorum,
1102 3457 1191 3515 quem

109 3553 153 3631 ὄρ
170 3541 297 3601 eundem
320 3545 469 3610 conscium
492 3556 522 3603 et
551 3545 756 3624 inquisitorem
786 3563 848 3604 uon
880 3540 1058 3604 tolerabant.
1110 3543 1190 3623 Ergo

180 3703 448 3718 *ιη-*ὴ

236 3810 276 3862 ²9·
296 3799 416 3854 assereris
441 3815 548 3869 quoque
568 3797 690 3850 codices:
711 3814 816 3876 guoque
833 3813 885 3854 otu⁴
908 3797 937 3847 Li
943 3797 1026 3864 psius.
1044 3813 1069 3864 p.
1084 3798 1149 3863 454,
1163 3798 1187 3864 3,

167 3889 269 3940 fenim
284 3889 332 3939 Μι.
