2900 4724
373 375 447 437 LlB.
470 371 556 432 xttt.
602 371 692 432 CAP·
716 376 851 439 stt-30.
1080 377 1139 440 355

111 538 285 642 quaestores
306 535 421 616 'aerarii
441 559 473 616 in
495 555 631 638 publicas
652 553 772 616 tabulas
795 565 865 618 ante
887 566 1031 638 quattuor
1054 577 1140 618 men·
1150 562 1176 632 (ι
1196 561 1222 613 C.
1233 563 1286 631 56.)

113 687 158 728 ses
179 665 349 744 referrent3
370 665 472 726 medio
484 661 638 746 ¹temporis
656 674 761 724 contra
785 664 887 725 dicere
903 662 1025 740 liceret,
1047 665 1143 747 deque

114 793 149 833 eo
169 771 304 834 consules
325 783 500 833 statuerent.
542 770 685 832 Cohibita
716 772 810 832 artius
839 783 868 833 et
891 769 1034 832 aedilium
1058 783 1145 854 pote·

113 885 183 951 stas,
207 889 412 959 statutumque
436 887 584 958 qnantum
597 875 735 958 curules,
754 889 904 960 quantum
922 879 1022 961 plebei
1034 881 1145 961 pigno·

75 977 159 1050 dtis
181 985 323 1062 caperent
339 963 392 1041 *vel
414 1003 531 1064 poenae
554 985 733 1065 irrogarent.
775 985 822 1046 Eo
844 983 1002 1050 Helvidius
1022 986 1143 1050 Priscus

112 1088 251 1150 tribunus
287 1089 387 1172 'plebis
422 1091 568 1151 adversus
601 1090 821 1152 Obultronium
858 1093 1005 1155 Sabinum
1035 1095 1147 1156 aerarii

90 1197 320 1278 ,quaestorem
340 1200 545 1259 contentiones
586 1201 726 1281 proprias
753 1203 895 1279 exercuit,
924 1213 1070 1284 tanquam
1101 1205 1147 1263 ius

112 1303 220 1362 hastae
240 1303 385 1362 adversus
401 1305 505 1383 inopes
520 1303 714 1366 inclementer
734 1319 868 1386 augeret.
912 1309 989 1368 Dein
1006 1312 1146 1390 princeps

112 1419 218 1470 curam
240 1408 411 1470 tabularum
432 1409 623 1493 publicarum
645 1433 661 1471 a
683 1413 890 1493 quaestoribus
915 1415 955 1474 ad
979 1416 1146 1496 praefectos

57 1509 279 1590 29transtulit.
322 1497 535 1578 Varlehabitn
556 1539 590 1578 ae
619 1539 708 1599 saepe
729 1518 887 1578 immutata
920 1521 983 1580 eius
1004 1520 1049 1579 r'ci
1084 1519 1147 1580 sor·

73 1670 82 1682 ,
114 1645 174 1684 ma.
216 1625 290 1683 Nam
311 1626 462 1705 Augustus
497 1626 616 1684 senatui
645 1625 783 1705 permisit
805 1623 944 1707 deligere
962 1621 1144 1706 praelectum
1184 1645 1186 1650 ·

113 1733 224 1794 deinde
245 1732 361 1791 ambitu
385 1730 599 1814 suffragiorum
624 1727 784 1812 suspecto,
802 1743 881 1792 sorte
905 1731 1095 1792 ducebantur
1112 1755 1146 1794 ex

41 1822 44 1837 ⁸
115 1862 243 1901 numero
262 1843 443 1922 praetorum
471 1843 524 1923 qui
550 1845 728 1923 praeessent.
770 1840 873 1922 Neque
894 1839 926 1900 id
949 1839 1002 1901 diu
1024 1843 1146 1920 mansit,

114 1948 186 2029 quia
217 1967 279 2007 sors
301 1946 461 2008 deerrabat
489 1947 527 2008 ad
553 1969 667 2028 parum
696 1947 830 2010 idoneos.
880 1944 970 2008 Tunc
1003 1947 1170 2012 Claudiusv

59 2049 94 2111 15
114 2067 290 2138 quaestores
313 2065 435 2115 rursum
454 2059 616 2140 imposuit,
644 2056 750 2138 iisque,
778 2077 817 2117 ne
840 2067 923 2116 metu
948 2055 1147 2120 offensionum

115 2163 234 2242 segnius
254 2161 468 2237 consulerent,
491 2170 577 2222 extra
597 2159 737 2221 ordinem
757 2160 886 2221 honores
905 2165 1053 2244 promisit.
1087 2166 1147 2228 Sed

115 2270 219 2329 deerat
240 2268 335 2328 rdbur
360 2269 466 2327 aetatis
486 2287 555 2328 eum
578 2269 715 2349 primum
737 2269 943 2350 magistratum
966 2276 1147 2353 capessenti-

114 2376 182 2435 bus.
227 2375 323 2456 lgitnr
337 2373 414 2434 Nero
433 2384 572 2454 praetura
590 2374 764 2458 perfunctos
784 2386 814 2436 et
834 2377 1016 2458 experientia
1034 2379 1146 2463 proba·

115 2494 161 2544 tos
187 2483 307 2563 delegit.

64 2606 128 2691 30¹
200 2621 368 2681 Damnatus
388 2620 483 2680 isdem
505 2619 677 2681 consulibus
697 2620 861 2702 Vipsanius
882 2623 996 2685 Laenas
1016 2627 1056 2687 ob
1075 2629 1146 2688 Sar·

116 2733 231 2792 diniam
265 2733 451 2814 provinciam
486 2751 576 2790 avare
617 2729 765 2790 habitam.
831 2729 997 2792 Absolutus
1030 2732 1147 2793 Cestius

116 2839 265 2901 Proculus
293 2838 551 2921 repetundarum,
577 2835 754 2900 cedentibus
781 2839 1017 2904 accusatoribus.
1074 2839 1146 2900 Clo-

118 2949 185 3009 dius
207 2946 392 3025 Quirinalis,
414 2943 495 3026 qnod
529 2943 698 3024 praefectus
725 2945 871 3025 remigum
895 2945 948 3024 qui
963 2943 1145 3030 'Ravennae

117 3055 316 3130 haberentur,
332 3050 417 3113 velut
440 3051 571 3111 infimam
592 3051 751 3110 nationum
775 3048 891 3110 ltaliam
910 3048 1028 3112 luxuria
1046 3052 1147 3112 saevi·

65 3159 101 3221 25
116 3166 219 3246 tiaque
242 3159 462 3232 afflictarisset‚
490 3137 606 3220 veneno
635 3157 860 3218 damnationem
883 3145 1003 3220 anteiit·
1052 3161 1147 3222 Gaius

119 3271 257 3330 Aminios
281 3267 405 3341 Rebius,
432 3255 467 3327 ex
489 3263 672 3348 primoribus
699 3265 806 3348 peritia
826 3265 927 3347 legum
948 3260 979 3327 et
1001 3266 1146 3354 pecuniae

121 3375 351 3457 magnitudine,
375 3375 529 3436 cruciatus
549 3357 660 3456 aegrae
689 3382 826 3434 senectae
846 3371 937 3432 misso
961 3391 1024 3454 ,per
1053 3393 1160 3440 venas.

119 3481 264 3560 sanguine
283 3481 409 3564 effugit,
435 3479 517 3539 haud
549 3477 685 3538 creditus
712 3476 848 3539 sufficere
877 3478 916 3538 ad
948 3479 1146 3540 constantiam
1226 3551 1229 3560 Ι

121 3584 282 3646 sumendae
303 3589 421 3659 mortis,
445 3586 486 3645 ob
504 3585 643 3668 libidines
665 3583 857 3645 muliebriter
877 3583 1007 3646 infamis.
1028 3586 1068 3647 m
1088 3585 1145 3646 Lu·

71 3700 105 3757 30
122 3694 186 3754 cius
205 3689 349 3752 Volusius
368 3694 484 3774 egregie
504 3687 589 3752 lama
603 3689 771 3768 concessit3
789 3691 839 3750 cui
858 3701 919 3752 tres
940 3700 970 3752 et
993 3692 1142 3773 nonagin-

127 3859 408 3884 -ι--α-ἕφὴ-Π-Ἢμ

119 4052 122 4062 .
165 3979 169 3992 '
197 3989 233 4039 18.
251 3983 427 4057 praefectura
448 3983 561 4037 codices.
595 3983 678 4040 Paulo
697 3987 759 4052 port
777 3999 816 4032 ar.
837 3996 923 4038 cestus
941 3985 990 4035 tte.
