2862 4726
218 263 280 328 256
621 255 847 318 ANNALlUltl

65 441 354 528 (aC.34.)pr·etium
376 441 549 507 festinandi.
595 440 655 502 Sed
677 441 792 502 Caesar
824 440 920 500 missis
951 440 990 502 ad
1011 451 1151 502 senatum
1183 440 1265 504 litte·

213 557 255 615 ris
277 553 420 614 disseruit
441 571 556 610 morem
579 549 671 610 luisse
701 548 886 624 maioribus,
919 550 1057 630 quotiens
1083 549 1265 613 dirimerent

213 663 378 738 amicitias,
399 659 585 774 intgrdicere
606 658 699 718 domo
729 677 860 738 eumque
882 656 973 716 finem
994 658 1108 739 gratiae
1127 679 1261 740 ponere:

211 770 247 832 id
267 791 300 830 se
320 769 498 852 repetivisse
517 769 548 827 in
572 767 738 848 Labeone,
761 777 853 847 atque
872 764 984 844 illum,
1016 767 1087 847 quia
1109 765 1190 826 male
1211 765 1263 827 ad·

213 881 404 940 ministratae
421 878 596 959 provinciae
610 852 803 954 aliorumque
820 873 982 933 criminum
990 875 1180 955 *argebatum
1201 875 1261 935 cul·
1279 890 1297 953 ς

211 1005 284 1068 pam
305 985 423 1047 invidia
445 985 618 1062 velavisse,
641 985 753 1045 frustra
774 985 941 1043 conterrita
962 1005 1067 1062 uxore,
1090 963 1184 1065 quam
1205 988 1262 1046 ctsi

211 1102 398 1166 nocentem,
423 1093 552 1176 periculi
573 1103 677 1160 tamen
702 1103 852 1172 expertem
873 1091 976 1180 luisse.
1018 1094 1188 1154 Mamercus
1207 1093 1261 1154 de·

212 1203 245 1262 in
268 1201 402 1262 Scaurus
421 1219 546 1260 rursum
578 1197 770 1280 postulatur,
792 1201 918 1282 insignis
934 1199 1094 1260 nobilitate
1116 1208 1148 1260 et
1167 1221 1259 1260 oran·

213 1307 260 1370 dis
283 1311 395 1383 causis,
424 1309 489 1368 vita
518 1306 692 1389 probrosus.
747 1307 831 1368 Nihil
867 1307 949 1367 hunc
978 1307 1110 1367 amicitia
1138 1309 1260 1390 Seia-ni,

211 1415 265 1476 sed
287 1413 429 1476 labefecit
449 1413 533 1476 hand
555 1418 657 1478 minus
683 1416 818 1476 validum
834 1417 875 1478 ad
909 1417 999 1479 exitia
1019 1417 1176 1476 Macronis
1193 1415 1258 1476 odi·
1282 1425 1314 1466 ¹⁰

211 1541 283 1597 um,
308 1524 363 1606 qui
383 1522 505 1584 easdem
528 1515 611 1586 drtes
643 1525 794 1586 occultius
824 1523 1008 1603 exercebat,
1046 1522 1261 1605 detuleratque

210 1641 426 1712 argumentum
450 1629 624 1712 tragoediae
654 1651 672 1691 a
702 1631 819 1691 Scauro
839 1633 991 1713 scriptae,
1025 1630 1136 1692 additis
1165 1634 1261 1692 versi·

210 1737 269 1798 bus
291 1741 345 1819 qui
369 1737 401 1796 in
421 1735 586 1798 Tiberium
607 1736 815 1798 flecterentur.
858 1737 978 1797 Verum
1009 1737 1048 1798 ab
1076 1737 1209 1800 Servilio
1231 1749 1261 1801 et

211 1847 357 1907 Cornelio
376 1848 603 1909 accusatoribus
626 1845 811 1906 adulterium
827 1849 956 1926 Liviae,
990 1867 1151 1929 magorum
1177 1871 1261 1910 sacra

210 1954 457 2016 oblectabantur.
498 1954 652 2030 Scaurus,
684 1963 720 2012 ut
750 1953 876 2034 dignum
910 1955 1064 2016 veteribus
1099 1955 1258 2030 Aemiliis',
1281 1942 1315 2006 ¹5

212 2065 440 2126 damnationem
462 2063 575 2139 anteit,
608 2061 752 2122 hortante
781 2063 881 2124 Sextia
904 2085 1017 2142 uxore,
1049 2085 1128 2145 quae
1150 2065 1260 2124 incita·

212 2183 351 2232 mentum
376 2173 482 2232 mortis
503 2180 537 2232 et
557 2171 706 2254 particeps
728 2172 797 2233 fuit.
841 2177 890 2234 Ac
910 2184 1013 2236 tamen
1049 2161 1312 2249 accusatores,30
1396 2214 1407 2261 ¹.

211 2279 237 2340 si
268 2278 399 2339 facultas
438 2275 613 2354 incideret,
641 2273 761 2359 poeuis
780 2278 1013 2362 afficiebantur,
1047 2291 1081 2340 ut
1112 2271 1258 2343 Servilius

212 2385 435 2467 Corneliusque
458 2385 576 2467 perdito
595 2387 713 2448 Scauro
739 2389 866 2468 famosi,
889 2391 961 2474 quia
980 2365 1140 2474 pecuniam
1160 2397 1257 2460 aVass

212 2496 261 2555 rio
279 2497 393 2575 Ligure
412 2493 598 2554 omittendae
619 2494 781 2558 delationis
802 2510 956 2580 ceperant,
978 2503 1012 2561 in
1032 2504 1146 2566 insulas
1164 2509 1259 2566 inter·
1274 2515 1310 2556 2⁰

214 2600 297 2662 dicto
330 2603 393 2682 igni
432 2605 525 2684 atque
552 2623 632 2685 aqua
660 2604 774 2666 demoti
802 2617 882 2670 sunt.
933 2607 974 2670 Et
1004 2611 1146 2672 Abudius
1179 2613 1258 2675 Rufo

197 2709 336 2801 ,functus
358 2708 514 2770 aedilitate
532 2709 606 2772 dum
629 2712 761 2774 Lentulo
783 2714 964 2796 Gaetulico,
987 2719 1045 2780 sub
1067 2741 1129 2802 quo
1149 2719 1259 2805 legioni

212 2809 405 2897 praefuerat,
427 2817 600 2899 periculum
631 2820 769 2899 lacessit,
792 2823 879 2904 quod
912 2825 939 2887 is
960 2825 1061 2890 Seiani
1087 2829 1184 2890 filium
1207 2851 1257 2914 ge·

214 2945 323 2984 nerum
345 2924 539 3010 destinasset,
567 2925 652 2994 ultro
686 2931 851 2990 damnatur
883 2942 974 3016 atque
1009 2937 1087 2998 urbe
1117 2941 1253 3022 exigitur.

146 3108 150 3112 .
215 3031 394 3092 Gaetulicus
416 3055 451 3094 ea
469 3045 648 3116 tempestate
667 3040 830 3120 superioris
844 3044 1030 3104 Germaniae
1049 3043 1184 3130 legiones
1202 3069 1255 3108 cu·
1272 3023 1308 3096 ²3

215 3138 323 3215 rabat,
346 3141 520 3224 mirumque
544 3154 680 3230 amorem
703 3157 857 3208 assecutus
880 3159 963 3228 erat3
994 3152 1105 3216 effusae
1129 3154 1255 3216 clemen·
1275 3199 1280 3204 -

214 3249 300 3324 tiae,
325 3247 463 3328 rnedicus
485 3255 664 3334 severitate,
686 3267 716 3314 et
739 3259 877 3338 proximo
898 3281 1020 3342 quoque
1042 3264 1185 3323 exercitui
1201 3283 1257 3345 per

216 3352 347 3415 Lucium
379 3356 554 3439 Apronium
600 3377 738 3422 socerum
767 3385 832 3424 non
861 3367 1007 3448 ingratus.
1056 3367 1151 3429 Unde
1180 3372 1257 3433 fama

212 3449 361 3523 'constans
391 3485 499 3539 ausum
521 3471 644 3530 mittere
665 3470 706 3530 ad
731 3470 895 3533 Caesarem
922 3474 1056 3555 litteras,
1079 3475 1256 3540 affinitatem

217 3569 275 3629 sibi
295 3589 365 3632 cnm
382 3572 493 3634 Seiano
516 3571 601 3634 baud
619 3585 725 3655 sponte
746 3576 800 3636 sed
824 3577 950 3639 consilio
967 3579 1084 3642 Tiberii
1106 3597 1255 3667 coeptam;
1274 3577 1310 3640 :io

216 3679 345 3758 perinde
363 3701 395 3740 se
416 3700 509 3764 qoam
531 3682 690 3742 Tiberium
710 3683 776 3744 falli
797 3685 954 3766 potuisse,
988 3711 1087 3774 neque
1116 3715 1255 3755 errorem

292 3901 330 3952 ιθ.
349 3903 449 3955 startia
467 3905 515 3971 M;
535 3906 654 3957 correxit
672 3905 787 3980 Lipsius.
