2900 4706
219 292 281 356 tlt
640 291 855 354 AlllllLlUM

75 477 102 547 (s
118 471 376 550 eoanpichrris
393 469 551 552 quaedam,
574 473 726 532 incertum
747 491 877 554 quonam
901 472 990 532 ruodo
1011 473 1157 534 seudtata
1178 475 1247 547 (ne-
1343 473 1348 480 “

4 573 9 588 ’
226 601 286 661 que
306 578 349 640 illi
368 591 438 638 ante
458 578 519 640 ulla
541 599 646 640 rerum
666 577 862 638 honestarum
889 601 961 638 cusu
979 579 1118 658 suet-al),
1140 601 1277 642 acuens
1442 583 1443 648 l

227 687 351 748 derret
371 707 500 769 arguere
512 688 703 756 coniuratum
725 707 760 744 ac
780 693 965 766 postremum
988 687 1176 746 lentitudinis
1196 708 1247 748 eo·

227 815 295 856 nrm
316 806 474 876 pertaesa,
496 805 528 856 et
555 796 585 854 in
609 795 771 874 Campania
793 815 901 873 agens,
931 795 1078 874 primores
1101 795 1251 858 classiari-

228 923 316 990 orum
330 905 540 964 Misenensium
560 903 726 964 labefacere
744 914 774 962 et
793 905 973 962 couscientia
992 901 1108 982 illigare
1125 904 1251 966 monna
1269 897 1289 958 5

113 1029 120 1042 ·
229 1022 275 1072 est
294 1010 348 1070 tali
369 1011 466 1074 initio.
505 1011 581 1072 Erat
601 1009 784 1070 chiliarchus
809 1011 839 1069 iu
861 1031 896 1070 ca
917 1011 1252 1072 elasseVolusiusPro-

228 1115 337 1194 culus,
356 1117 536 1178 occidendae
556 1121 662 1178 matris
681 1119 807 1178 Neronis
825 1119 904 1176 inter
924 1118 1097 1194 ministros,
1127 1139 1188 1178 nou
1214 1139 1252 1178 ex

228 1225 433 1304 magnitudine
461 1223 585 1286 sceleris
622 1236 802 1308 provectus,
835 1235 869 1284 ut
900 1225 1030 1291 rebatur.
1070 1227 1099 1286 Is
1130 1226 1253 1286 mulieri

229 1329 303 1391 olim
326 1333 483 1413 cognitus,
503 1351 555 1392 seu
577 1351 681 1392 recem
700 1343 766 1391 orta
785 1331 935 1403 amicitia,
959 1331 1032 1390 dum
1055 1333 1161 1390 merita
1178 1351 1253 1413 erga

230 1438 375 1498 Neronem
395 1445 495 1500 sua'et
515 1459 605 1520 quam
625 1439 656 1498 in
674 1439 794 1498 irritum
815 1435 989 1498 cecidissent
1009 1437 1121 1516 aperit,
1137 1439 1249 1499 adiicit·
1277 1459 1315 1498 ro

229 1567 291 1628 que
314 1557 442 1626 questus.
455 1556 486 1606 et
508 1545 738 1606 destinationem
760 1545 927 1620 vindictae,
953 1545 977 1604 si
1004 1541 1129 1602 facultas
1150 1563 1254 1602 orere·

231 1666 293 1733 tur,
307 1675 395 1735 spem
409 1654 493 1714 dedit
511 1673 595 1735 posse
610 1651 724 1734 impelli
744 1663 777 1714 et
796 1652 895 1734 plures
908 1653 1087 1713 conciliare:
1108 1673 1165 1712 uec
1184 1651 1252 1712 lere
1376 1655 1385 1672 “

231 1761 373 1824 auxilium
395 1765 424 1822 in
446 1762 560 1834 classe,
581 1761 701 1822 crebras
730 1765 924 1842 oemsioues,
954 1764 1024 1843 quia
1044 1761 1125 1821 Nero
1157 1759 1254 1822 multo

231 1865 315 1948 apud
332 1865 476 1927 Puteolos
494 1877 525 1926 et
547 1866 697 1929 Misenum
726 1868 817 1928 maris
849 1885 906 1926 usu
938 1865 1117 1928 laetabatur.
1170 1867 1252 1948 Ergo

231 1973 389 2056 Epicharis
408 1972 507 2055 plura3
530 1973 559 2032 et
578 1973 679 2033 omnia
699 1973 812 2034 scelera
831 1974 973 2056 principis
990 1974 1129 2035 orditur:
1152 1995 1249 2055 neque
1275 1974 1315 2036 15

232 2084 349 2145 senatui
371 2082 443 2164 quid
461 2100 607 2165 mauere3
629 2081 682 2144 sed
702 2086 854 2164 provisum
877 2100 1008 2164 quornm
1030 2084 1121 2143 modo
1142 2103 1256 2162 poenas

232 2202 363 2252 eversae
382 2194 425 2252 rei
450 2191 590 2273 publicae
620 2191 733 2253 daret·
772 2193 990 2272 Accinge-etur
1021 2191 1112 2250 modo
1144 2211 1259 2250 navare

233 2319 353 2379 operam
374 2310 404 2358 et
425 2297 551 2358 militum
575 2299 736 2356 acerrimos
765 2297 876 2356 ducem
893 2299 924 2354 in
954 2289 1072 2377 partes,
1108 2317 1143 2356 ar
1163 2297 1257 2380 digna

234 2407 331 2488 pretia
352 2414 543 2485 exspectaret.
585 2402 713 2462 Nomina
734 2410 835 2462 tamen
858 2404 1085 2464 coniuratorum
1119 2407 1255 2470 reticuit.

233 2510 326 2576 Unde
344 2509 463 2570 Proculi
484 2509 629 2570 indicium
649 2510 771 2570 irritum
792 2509 865 2584 fuit,
886 2511 1023 2590 quamvis
1044 2529 1078 2568 ea
1099 2529 1177 2589 qliae
1198 2531 1251 2570 au·
1276 2535 1313 2575 ao

235 2616 333 2677 dierat
349 2617 387 2676 ad
407 2617 553 2678 Neronem
573 2615 737 2682 detulisset.
776 2617 882 2676 Accita
896 2616 1010 2697 quippe
1028 2615 1202 2696 Epicharis,
1224 2628 1255 2677 et

234 2746 302 2786 cum
323 2726 421 2784 indice
438 2725 614 2805 composita,
635 2723 725 2784 nullis
744 2723 871 2784 testibus
891 2725 1021 2784 innisum
1047 2723 1133 2783 facile
1153 2725 1254 2784 confir·

189 2879 191 2886 ,
234 2834 323 2892 tavit:
366 2830 424 2890 Sed
446 2831 505 2912 ipsa
524 2831 554 2890 in
578 2831 711 2890 ennodio
730 2843 845 2892 retenta
866 2841 929 2908 est,
949 2839 1140 2914 suspectante
1160 2831 1254 2892 Nero·

235 2960 274 2998 ue
293 2937 373 2999 haud
395 2935 467 2996 falsa
488 2957 552 2998 esse
572 2938 661 2998 etiam
676 2959 754 3018 quae
775 2957 845 3020 vera
859 2957 920 2998 uon
936 2936 1154 3018 probabantur.
1176 2940 1314 3022 Con-52

235 3045 342 3106 iuratis
363 3055 463 3106 tamen
484 3054 565 3104 metu
586 3043 766 3125 proditionis
789 3044 932 3124 per-otis
957 3043 1099 3126 placitum
1122 3056 1253 3106 matura·
1272 3048 1315 3106 25

235 3174 269 3214 re
287 3151 406 3212 caedem
427 3151 507 3232 apud
526 3151 611 3212 Baias
644 3155 675 3212 in
706 3151 777 3212 villa
798 3151 938 3223 Pisonis,
969 3154 1054 3212 ouius
1076 3145 1256 3212 amoenitate

237 3270 343 3341 coptus
364 3260 472 3318 Caesar
494 3257 601 3320 crebro
620 3258 800 3333 ventitabat,
822 3254 1004 3338 balneasque
1024 3269 1055 3318 et
1075 3260 1179 3339 epulas
1200 3262 1259 3319 ini·

236 3365 308 3442 bat,
326 3366 441 3426 omissis
461 3365 590 3424 excubiis
610 3377 640 3424 et
660 3365 796 3424 fortunae
822 3384 894 3424 suae
924 3363 1012 3424 mole.
1060 3363 1121 3425 Sed
1151 3367 1259 3426 abnuit

237 3472 328 3546 Piso,
350 3473 493 3532 iuvidiam
514 3472 726 3553 praetendens,
747 3471 771 3530 si
791 3493 874 3532 sacra
900 3493 1020 3532 mensae
1038 3473 1128 3553 dique
1143 3473 1255 3565 (hospi-

237 3577 312 3641 tales
332 3578 423 3639 caede
449 3578 664 3660 qualiscunque
694 3580 835 3659 principis
863 3590 1118 3642 cruentarentur:
1151 3583 1258 3644 melius
1276 3584 1318 3643 So

240 3727 255 3735 -
268 3698 569 3736 ....-.-'-...„

324 3822 352 3876 6.
374 3832 452 3872 erunt
470 3817 589 3872 vurrlrus
606 3817 655 3874 Ma.
1081 3872 1088 3886 ι

219 3913 222 3920 ’
309 3931 349 3982 ²9·
368 3913 525 3984 hurprtr'ules
543 3915 592 3966 ΜΙ.
615 3913 684 3966 idem
702 3930 727 3982 p.
744 3914 847 3980 4426.
868 3929 919 3966 rim.
937 3929 1053 3982 operum.
