2826 4730
172 289 175 296 ’
235 309 291 373 192
661 307 884 370 anurnrun

86 483 111 550 (³
134 484 305 569 Caluinam
341 503 431 574 atque
461 471 523 552 illie
553 491 657 552 eadem
688 491 842 552 actitando
863 495 994 553 recentia
1019 505 1182 578 veteraque
1202 478 1273 560 odia

229 601 391 679 advertit,
408 602 556 681 bonisque
578 611 701 678 exutus,
715 602 884 664 ‚interdicto
904 604 967 684 igni
986 612 1078 686 atque
1098 625 1197 687 aqua,
1220 628 1274 668 sa·

229 727 267 766 xo
288 704 415 786 Seripho
434 707 602 770 consenuit.
635 763 638 774 ,
1385 697 1387 704 ’

313 804 376 874 Per
396 813 477 875 idern
503 823 622 895 ternpus
642 815 788 887 Plautius
800 815 940 878 Silvanus
972 803 1114 900 praetor,
1147 809 1324 892 incertisffl

229 921 343 996 causis,
372 919 541 1001 Aproniam
561 925 720 1002 coniugem
743 924 771 982 iu
794 946 937 1007 praeceps
970 926 1062 1002 iecit,
1095 938 1304 1014 tractusque5

230 1026 269 1086 ad
292 1027 455 1087 Caesarem
484 1026 524 1086 ab
545 1029 641 1089 Lucio
663 1029 804 1110 Apronio
829 1051 935 1091 socero
956 1032 1080 1095 turbata
1102 1043 1204 1094 mente
1224 1057 1272 1096 re·

229 1133 372 1214 spondit,
396 1145 540 1214 tanquam
562 1133 625 1214 ipse
648 1155 755 1196 somno
774 1139 874 1217 gravis
896 1149 987 1219 atque
1007 1160 1043 1198 eo
1065 1140 1208 1221 ignarus,
1225 1119 1273 1202 =et

122 1300 124 1306 ,
228 1261 304 1302 uror
320 1251 429 1322 sponte
449 1251 578 1302 mortem
602 1241 789 1322 sumpsisset.
824 1241 901 1302 .Non
923 1254 1103 1304 cunctanter
1127 1246 1272 1307 Tiberius

102 1337 109 1344 ’
177 1373 181 1384 «
228 1349 328 1428 pergit
344 1349 375 1406 in
409 1347 551 1422 domum.
584 1350 653 1409 visit
674 1347 869 1428 cubiculum3
903 1353 933 1410 in
958 1373 1020 1433 quo
1041 1351 1218 1415 reluctantis
1239 1353 1282 1416 et

229 1453 377 1537 impulsae
394 1455 519 1536 vestigia
539 1455 752 1516 cernebantur.
803 1453 965 1516 Refert'ad
987 1469 1143 1534 senatum,
1175 1461 1268 1521 datis·
1291 1451 1322 1528 io

229 1587 290 1654 que
312 1567 464 1628 iudicibus
486 1565 659 1648 Urgulania
681 1564 797 1626 Silvani
819 1569 887 1626 avia
907 1568 1069 1648 pugionem
1091 1569 1195 1651 nepoti
1211 1571 1269 1628 mi-

228 1677 273 1736 sie
319 1673 409 1754 Quod
436 1671 564 1754 perinde
585 1672 762 1750 creditum,
786 1673 873 1755 quasi
893 1674 1036 1756 principis
1058 1675 1177 1734 monitu
1187 1661 1209 1749 ,*
1229 1675 1270 1736 ob

186 1853 188 1859 Ι
228 1779 393 1842 amicitiam
412 1780 568 1861 Augustae
587 1801 658 1840 cum
679 1777 862 1862 Urgulania.
917 1779 997 1840 Reus
1020 1780 1131 1842 frustra
1154 1792 1277 1850 tentato¹

228 1889 314 1950 ferro
337 1888 591 1970 venaspraebuit
612 1889 818 1950 exsolvendas.
873 1891 944 1950 Mox
972 1886 1159 1954 Numantina
1187 1891 1271 1972 prior

181 2031 193 2044 -
229 2019 304 2057 uxor
327 1997 409 2068 eius,
441 2009 580 2056 accusata
609 1998 751 2058 iniecisse
779 1996 965 2058 carminibus
991 2007 1021 2057 et
1046 1997 1196 2058 veneficiis
1218 2021 1268 2060 ve·
1291 1997 1323 2062 15

229 2105 364 2168 cordiam
387 2108 515 2181 niarito,
540 2108 644 2165 insons
664 2106 826 2168 iudicatur.
843 2118 845 2124 ’

281 2237 284 2246 «
312 2213 340 2272 ls
365 2211 489 2271 demum
510 2201 606 2271 annus
629 2210 774 2292 populum
795 2211 965 2270 Romanum
994 2211 1085 2294 longo
1104 2213 1319 2296 adversumffi

215 2319 390 2405 ,Numidam
412 2317 636 2392 Tacfarinatem
658 2317 739 2378 bello
763 2315 903 2377 absolvit.
959 2320 1034 2380 Nam
1063 2321 1196 2402 priores,
1212 2321 1269 2382 du·
1360 2305 1365 2316 .

229 2449 278 2490 ees
300 2429 352 2488 ubi
378 2426 567 2508 impetrando
589 2425 819 2508 triumphalium
841 2427 948 2509 insigni
970 2427 1106 2490 sufficere
1130 2449 1179 2490 res
1201 2450 1270 2490 suas

229 2535 441 2614 crediderant,
481 2535 598 2598 hostem
632 2537 838 2613 omittebant3
879 2539 999 2620 iamque
1027 2549 1088 2600 tres
1123 2537 1274 2598 laureatae
1289 2555 1323 2596 ao

230 2655 261 2710 in
283 2647 361 2707 urbe
381 2655 515 2724 statuae,
544 2655 575 2705 et
606 2644 706 2706 adbuc
737 2644 878 2728 raptabat
908 2647 1046 2708 Africam
1077 2645 1267 2718 Tacfarinas,

172 2777 174 2780 ·
224 2756 539 2817 auctus-Maurorum
560 2751 701 2830 auxiliis,
737 2754 789 2833 qui
818 2733 996 2813 Ptolemaeo
1026 2751 1118 2812 lubae
1138 2749 1199 2812 lilio
1221 2737 1269 2810 iul

231 2861 333 2925 venta'
344 2863 530 2936 incurioso,
555 2857 680 2922 libertos
709 2863 807 2943 regios
837 2871 867 2922 et
896 2845 1020 2926 servilia
1039 2857 1165 2942 imperia
1189 2855 1269 2918 bello

239 3025 483 3042 W*-

302 3096 327 3147 3.
347 3093 465 3162 Seripho
483 3109 517 3144 ex
535 3089 570 3142 Μ,
588 3087 747 3147 uerteret:
769 3087 894 3160 Seriphio
914 3091 1004 3160 vulgo.

289 3207 327 3258 ¹9·
347 3189 395 3242 nti
414 3189 539 3259 Lipsius:
559 3188 607 3240 sul>
627 3189 665 3240 Μ.
1079 3256 1084 3266 Ι
1140 3246 1143 3252 1

284 3303 317 3338 ao
348 3276 457 3356 iumine
478 3298 533 3338 tres
552 3285 700 3339 laureatae
720 3287 751 3336 in
769 3285 835 3338 urbe
856 3281 974 3353 statuae]
1005 3283 1058 3332 lam
1088 3279 1187 3332 Furius
1217 3277 1266 3330 Ca-

165 3428 169 3433 .
234 3385 328 3436 nulllus
347 3391 375 3436 et
396 3384 494 3434 Lucius
518 3383 653 3452 Apronius
672 3388 755 3450 atque
774 3381 867 3432 lunius
888 3382 999 3430 Blaesus
1019 3377 1071 3444 (II,
1091 3377 1133 3429 52.
1156 3375 1203 3436 ΙΙΙ,
1225 3389 1265 3426 ar.
1319 3405 1321 3410 -

233 3453 290 3547 pai)
307 3477 342 3532 ob
361 3479 462 3530 rictum
484 3474 686 3526 Tacfarinatem
708 3473 885 3542 triumphalia
907 3477 1066 3524 ornamenta
1093 3469 1264 3529 rettulerant,

189 3609 192 3616 ,
232 3570 260 3622 b.
281 3563 447 3622 ecoroaam
468 3567 608 3630 lauream,
640 3575 726 3635 togam
757 3573 939 3633 praetextam,
967 3562 1090 3614 trabeam
1114 3563 1267 3631 triumpha-

231 3665 305 3725 lem,
324 3673 440 3716 statnam
463 3663 597 3714 illustrem
618 3665 674 3714 sive
695 3659 908 3728 triumphalem,
932 3675 1002 3728 quae
1023 3657 1152 3710 hocloco
1173 3658 1268 3711 lours·-

232 3773 281 3814 atn
300 3759 461 3827 appellatur.
507 3757 611 3809 Ceteris
638 3754 790 3834 insignibus
807 3756 924 3806 omissis
946 3771 1028 3805 arnum
1056 3761 1162 3806 statuae
1188 3768 1266 3807 orna·

233 3849 354 3907 mentum
374 3853 419 3906 hie
436 3855 592 3920 nominatur
618 3861 648 3903 ut
665 3850 842 3930 praecipuum
859 3857 942 3921 atque
961 3851 1084 3904 omnium
1109 3851 1195 3902 ocsrlis
1220 3865 1265 3901 ex·

232 3949 359 4020 positups.
