2826 4730
213 341 214 346 Ν
253 305 311 366 rue
528 341 548 371 ,,
581 271 583 280 ’
671 299 888 367 sussurim

470 388 474 416 t

96 502 159 574 (ac
180 506 231 576 25)
326 479 390 543 Sub
422 483 501 544 idern
531 493 648 564 tempus
682 485 720 545 de
747 483 868 544 flamine
889 480 969 542 Diali
999 485 1030 541 iu
1058 478 1158 540 locum
1180 475 1327 553 Serviitfi

241 586 461 668 Maluginensis
483 587 618 666 defuncti
641 589 787 670 legendo,
820 587 909 648 simul
940 590 1075 671 roganda
1106 608 1185 647 nova
1211 585 1278 666 lege

241 697 382 758 disseruit
404 695 559 779 *Caesam
591 697 669 756 Nam
698 697 839 776 patricios
873 695 1069 756 confarreatis
1097 691 1280 774 parentibus

241 810 359 888 genitos
382 817 444 866 tres
464 804 553 864 simul
573 805 744 884 nominari,
780 826 814 865 ex
835 805 904 886 quis
927 825 1007 866 unus
1030 803 1203 884 legeretur,
1227 819 1281 858 ve·
1348 857 1354 876 ‚

240 925 323 976 tusto
345 931 449 990 more3‘
467 935 566 996 neque
586 913 707 991 adesse,
733 923 767 974 ut
789 912 881 991 olim,
910 933 976 973 earn
1000 913 1138 994 copiam,
1171 908 1315 991 omissa5

240 1022 455 1085 confarreandi
477 1023 668 1086 assuetudine
689 1033 742 1082 aut
762 1023 842 1084 inter
871 1041 983 1102 paucos
1019 1029 1145 1082 retenta.
1203 1013 1281 1075 Plu·
1338 1027 1340 1038 '
1374 1044 1379 1055 ψ

196 1171 200 1184 =
242 1153 351 1214 resque
372 1135 436 1192 eius
461 1133 507 1191 rei
524 1107 630 1190 causas
650 1128 819 1205 afferebat,
842 1131 1027 1210 potissimam
1053 1147 1144 1209 penes
1165 1124 1280 1184 incuri-

241 1259 290 1303 am
319 1223 743 1317 virorumrfeminarumqum
777 1235 923 1298 accedere
953 1237 1046 1318 ipsius
1079 1232 1282 1294 caerimoniae

241 1342 451 1423 difficultates,
481 1365 560 1426 quae
588 1342 946 1416 consultoritarentur,
986 1326 1016 1402 et
1038 1340 1122 1424 quod
1144 1330 1279 1401 exirete

241 1455 310 1512 iure
330 1456 428 1532 patrio
449 1455 501 1533 qui
523 1451 554 1512 id
577 1451 748 1514 flaminium
766 1451 955 1532 apisceretur
984 1455 1123 1532 quaeque
1153 1448 1186 1508 in
1215 1468 1330 1519 ma·10

241 1581 314 1620 uum
335 1559 467 1630 flaminis
486 1549 670 1622 conueniret.
727 1561 772 1620 Ita
804 1558 986 1620 medendum
1014 1571 1136 1620 senatus
1157 1558 1281 1619 decreto

242 1677 295 1726 aut
316 1664 400 1746 lege,
424 1668 501 1726 sicut
522 1668 675 1750 Augustus
696 1665 846 1747 quaedam
867 1687 902 1726 ex
923 1664 1049 1728 horrida
1074 1665 1125 1726 illa
1147 1669 1284 1749 antiqui-

164 1771 165 1776 ’
242 1785 303 1834 tate
327 1773 364 1834 ad
387 1777 582 1854 praesentem
603 1793 693 1832 usum
716 1770 855 1836 flexisset.
898 1772 997 1853 Igitur
1019 1773 1155 1832 tractatis
1177 1770 1280 1854 religi·

217 1861 352 1961 souibus
374 1880 519 1963 placitum
542 1883 681 1942 instituto
703 1879 862 1956 flaminum
885 1879 961 1941 nihil
983 1880 1153 1940 demutari:
1177 1860 1283 1944 sedlass

243 2001 272 2050 tu
296 1993 359 2069 lex,
386 2011 447 2071 qua
477 1988 628 2050 flaminica
659 1989 757 2049 Dialis
790 2009 945 2050 sacrorum
973 2010 1062 2052 causa
1081 1993 1114 2050 in
1134 1998 1282 2072 potestate
1304 2002 1333 2062 ,5

243 2097 323 2172 viri,
358 2107 458 2156 cetera
479 2097 651 2178 promiscuo
674 2095 859 2154 feminarum
878 2097 946 2156 iure
978 2105 1090 2176 ageret.
1140 2097 1182 2158 Et
1203 2097 1281 2158 filius

242 2202 460 2284 Maluginensis
479 2203 559 2284 patri
580 2200 733 2267 suffectus.
784 2201 890 2282 thue
912 2179 1052 2285 glisceret
1073 2203 1209 2286 dignatio
1233 2225 1280 2264 sa-

243 2311 410 2386 cerdotum,
433 2321 525 2392 atque
546 2311 616 2400 ipsis
635 2310 806 2392 promptior
826 2314 945 2372 animus
966 2311 1045 2374 foret
1067 2311 1105 2372 ad
1127 2331 1281 2394 capessen-

244 2421 298 2480 das
323 2401 540 2499 caerimonias,
562 2419 718 2480 decretum
739 2418 899 2480 Corneliae
922 2420 1053 2510 virgini,
1081 2441 1160 2502 quae
1184 2424 1215 2482 in
1238 2422 1282 2482 lo·

245 2549 314 2590 eum
335 2529 476 2590 Scantiae
496 2528 683 2611 capiebatur,
700 2530 868 2590 sestertium
888 2528 1000 2607 vicies,
1023 2541 1054 2590 et
1068 2531 1209 2612 quotiens
1223 2527 1283 2590 Au·
1299 2551 1333 2598 no

245 2647 332 2719 gusta
350 2638 503 2700 theatrum
526 2636 704 2713 introisset,
727 2646 761 2696 ut
781 2636 865 2700 sedes
886 2638 965 2699 inter
985 2636 1153 2698 Vestalium
1179 2639 1282 2699 consi-

245 2747 342 2810 deret.
391 2731 396 2746 ’
452 2727 455 2738 ’

96 2861 246 2934 (⁸·¹¹·777·)
328 2855 473 2920 Cornelio
494 2854 775 2939 Cetheganisellio
805 2858 945 2918 Varrone
974 2835 1150 2918 consulibus
1180 2843 1331 2938 ponti-ii

96 2962 126 3024 (³
143 2957 174 3009 C·
188 2957 219 3027 ti
232 2957 332 3040 ilices,
352 2983 518 3046 eorumque
539 2961 676 3046 exemplo
697 2967 790 3028 ceteri
811 2963 1003 3041 sacerdotes,
1027 2966 1097 3022 cum'
1118 2983 1175 3045 pro
1196 2967 1281 3024 iuco-

245 3071 383 3147 lumitate
401 3071 549 3153 principis
579 3082 651 3134 vota
679 3074 883 3156 susciperent,
917 3071 1071 3132 Neronem
1103 3091 1226 3154 quoque
1253 3079 1281 3130 et
1297 3069 1331 3133 25

256 3255 546 3276 *μοι-*ῃ

334 3367 358 3418 8.
379 3363 523 3420 accederet
540 3365 585 3432 M:
605 3365 736 3434 accedere
757 3366 920 3420 Beroaldus:
940 3363 1071 3422 accedere
1093 3375 1120 3416 er
1142 3366 1163 3422 1.
1173 3368 1280 3421 Grouo·

247 3461 306 3513 vius

336 3573 361 3623 9.
381 3551 464 3626 quod]
487 3571 540 3625 quo
559 3554 601 3604 M:
625 3549 740 3625 quando
761 3553 849 3619 vulgo.
886 3581 921 3592 -
958 3549 1089 3604 Tiberius
1109 3553 1203 3620 plures
1223 3556 1280 3605 cius

248 3649 287 3700 rei
306 3663 399 3700 causas
418 3627 596 3719 peicensens,
623 3665 704 3699 uuam
723 3645 892 3716 potissimam
913 3649 992 3697 affert
1009 3662 1040 3696 nc
1062 3645 1128 3697 duas
1148 3647 1279 3698 secundn-

230 3743 319 3807 ’τίεις
345 3744 392 3796 hes
411 3761 425 3794 a
444 3743 535 3812 priore
553 3740 699 3811 distinguit
717 3736 801 3790 verbo
824 3735 971 3800 accedere,
1000 3721 1054 3790 sed*
1068 3753 1125 3787 curn
1146 3737 1279 3792 accedere

249 3834 362 3909 quando
382 3837 478 3888 Latine
498 3835 553 3886 dici
572 3850 626 3886 nou
653 3831 757 3903 possit,
781 3832 932 3900 vulgatam,
960 3832 1036 3885 cuins
1055 3843 1150 3888 auctor
1169 3845 1212 3888 est
1229 3837 1279 3886 Be-

251 3933 359 3986 roaldus
371 3950 382 3997 ‚·
397 3939 551 4002 corruptum
573 3943 630 3980 erse
649 3927 743 3998 liquet.
