2900 4724
210 358 270 430 nrt
612 345 837 420 tunsarum

34 537 81 627 l.
101 541 375 624 c,q7,)securitatis
397 541 577 602 novissimae
604 537 672 604 fuit.
727 531 886 598 Vocantur
915 535 983 616 pos't
1014 539 1089 601 baec
1118 527 1282 622 patres‚lp

212 625 368 732 pergitque
390 648 513 708 Suillius
535 647 649 709 addere
673 669 740 709 reos
763 649 880 731 equites
914 649 1066 709 Romanos
1100 649 1251 724 illustres,

212 759 433 841 quihusPetra
456 767 700 835 cognomentum.
720 753 763 816 At
783 777 872 818 causa
886 759 1015 818 neciser
1036 759 1085 831 eo,
1107 757 1191 841 quod
1204 760 1255 818 do·

213 889 296 930 mum
312 889 397 930 suam
413 871 571 930 Mnesteris
586 878 616 930 et
631 867 791 950 Poppaeae
806 867 1019 952 congressibus
1035 857 1263 952 praebuissent..
1289 927 1290 934 ,
1395 887 1398 892 ’

131 983 134 989 ’
212 979 329 1041 Verum
349 959 518 1038 nocturnae
539 977 650 1058 qnietis
678 981 792 1060 species
821 975 911 1043 alterl
938 981 1074 1060 obieeta,
1104 972 1290 1064 tanquam5

110 1169 113 1184 Δ
212 1090 334 1155 vidisset
356 1088 519 1149 Claudium
540 1088 637 1169 spicea
657 1075 772 1150 corona
791 1092 956 1169 evinctum,
978 1095 1065 1175 spicis
1083 1073 1167 1154 retro
1181 1115 1255 1154 con·

127 1249 130 1258 .
164 1197 165 1200 “
211 1173 326 1279 tersis,
351 1222 446 1283 eaque
478 1199 609 1280 imagine
631 1203 810 1282 gravitatem
843 1224 983 1263 annonae
1004 1197 1135 1264 dixisset.
1179 1199 1258 1279 Qui·

191 1307 283 1372 ¹dam
305 1309 495 1392 pampineam
517 1328 665 1368 coronam
686 1308 859 1370 albentibus
879 1301 960 1370 foliis
979 1311 1073 1371 visam
1101 1319 1193 1390 atque
1216 1311 1257 1370 ita

151 1439 153 1443 ·
212 1398 446 1500 interpretatum
471 1414 638 1493 tradidere,
660 1419 807 1502 'vergente
827 1427 994 1480 auctumno
1014 1426 1145 1479 mortem
1167 1417 1258 1502 prin·
1303 1448 1306 1455 ·

213 1525 290 1606 cipis
310 1520 442 1584 ostendi.
486 1519 567 1582 lllnd
590 1510 678 1588 haud
703 1525 885 1608 ambigitur,
907 1525 1113 1608 qualicunque
1136 1525 1256 1586 insum·
1270 1536 1313 1596 ,10
1421 1557 1422 1584 l

214 1635 265 1694 nin
287 1629 513 1714 ipsilratriqne
533 1631 698 1714 perniciem
724 1633 860 1694 allatam.
915 1633 1101 1699 Sestertium
1131 1629 1259 1714 quinde-
1349 1669 1352 1682 ι
1422 1671 1423 1682 1

176 1807 181 1813 ,
214 1743 275 1802 cies
296 1751 326 1801 et
346 1739 476 1822 insignia
496 1750 658 1818 praeturae
679 1737 822 1822 Crispino
840 1741 973 1804 decreta.
1018 1739 1138 1803 Adiecit
1156 1741 1258 1802 Vitel-
1291 1795 1295 1802 .

213 1846 275 1908 lius
294 1851 465 1909 sestertium
487 1847 587 1907 decies
606 1847 746 1922 Sosibio,
770 1848 853 1930 quod
876 1849 1087 1910 Britannicum
1115 1870 1260 1934 praecep-

214 1959 272 2036 tis,
293 1955 456 2020 Claudium
475 1956 608 2017 consiliis
630 1959 758 2022 iuvaret.
785 1956 919 2040 Rogatus
940 1961 1122 2020 sententiam
1142 1969 1173 2021 et
1202 1958 1263 2019 Sci·

215 2067 285 2150 pio,
312 2087 407 2145 „cum
431 2059 530 2126 idem⁸'
552 2064 653 2144 inquit
688 2063 753 2140 „de
781 2063 917 2124 admissis
945 2051 1105 2148 Poppaeae
1134 2069 1261 2128 sentiam
1282 2057 1318 2120 ¹5

216 2175 300 2258 quod
319 2196 434 2250 omnes,
457 2185 559 2254 putate
572 2193 631 2252 ¹nse
651 2169 733 2232 idem
753 2171 857 2233 dicere
875 2171 958 2256 quod
974 2171 1109 2252 omnes”,
1132 2173 1263 2258 eleganti

216 2289 457 2362 temperamento
481 2281 563 2339 inter
583 2274 772 2358 coniugalem
791 2298 928 2340 amorem
953 2291 983 2341 et
1008 2284 1192 2366 senatoriam
1209 2304 1263 2344 ue·
1304 2261 1308 2276 ¹

219 2389 397 2452 cessitatem.

301 2485 471 2556 continuus
498 2489 570 2554 inde
603 2503 634 2552 et
675 2511 783 2552 saevus
815 2497 993 2558 accusandis
1031 2497 1090 2558 reis
1134 2468 1321 2568 Suilliusfs¹

218 2603 367 2684 multique
387 2603 533 2665 audaciae
558 2605 620 2664 eins
642 2600 764 2663 aemuli.
792 2601 870 2663 Nam
891 2616 999 2666 cuncta
1020 2601 1122 2686 legum
1142 2614 1261 2694 et‘ma-
1281 2621 1317 2664 20

217 2713 398 2792 gistratunm
423 2714 526 2774 munia
548 2711 579 2771 in
600 2731 633 2773 se
659 2713 784 2774 trahens
815 2704 955 2796 princeps
985 2711 1143 2774 materiam
1171 2734 1264 2794 prae·

221 2818 316 2881 dandi
338 2819 530 2903 patefecerat.
573 2819 638 2881 Nec
661 2814 827 2906 quicquam
848 2817 1113 2907 publicaemercis
1135 2831 1201 2880 tam
1215 2841 1268 2880 ve·

221 2929 291 2989 nale
311 2929 368 2989 luit
388 2949 480 3011 qnam
503 2923 718 2991 advocatorum
744 2931 880 3013 perfidia,
902 2931 979 2992 adeo
1005 2942 1040 2992 ut
1066 2929 1198 3009 Samius,
1220 2932 1267 2990 in·

222 3036 315 3117 signis
347 3057 438 3117 eques
470 3036 642 3112 Romanus,
672 3038 906 3122 quadringentis
949 3057 1143 3100 nummorum
1184 3037 1263 3098 mili-

222 3144 278 3203 bus
299 3142 408 3204 Suillio
427 3145 505 3204 datis
531 3157 561 3206 et
584 3148 702 3226 cognita
725 3126 984 3229 praeder-icatione
1006 3143 1091 3207 ferro
1117 3147 1149 3206 in
1174 3145 1264 3206 domo
1284 3147 1319 3210 nl

223 3253 287 3312 eius
307 3251 493 3313 incubuerit.
534 3253 631 3336 Igitur
661 3253 821 3334 incipiente
847 3255 924 3315 Gaio
955 3255 1029 3316 Silio
1054 3253 1179 3314 consule
1214 3253 1266 3314 de-

225 3359 355 3440 signato,
380 3361 467 3420 cuius
489 3359 527 3419 de
547 3361 685 3442 potentia
707 3369 738 3423 et
760 3361 851 3422 exitio
870 3365 902 3424 iu
921 3374 1058 3444 tempore
1078 3357 1263 3436 memorabo,

226 3471 500 3489 W

319 3537 339 3569 r.
360 3519 507 3571 novissime
526 3519 569 3571 ll¹¹
597 3525 666 3568 teste
686 3518 818 3572 Victoria.

316 3613 341 3680 4.
360 3616 478 3668 nestoris
496 3612 540 3663 M«
555 3651 563 3676 ,
580 3618 725 3668 mnestert's
743 3615 787 3667 vel
812 3617 844 3669 in
862 3613 979 3670 necteris
1008 3615 1041 3665 B:
1057 3610 1176 3670 'Valerii
1196 3615 1267 3667 Get

228 3707 284 3761 alii.
304 3709 346 3762 Gi.
361 3727 383 3766 c.
404 3712 446 3765 ³6.

303 3788 339 3858 rb.
359 3825 440 3860 ossen
460 3807 604 3858 essentium
622 3807 665 3858 M·
681 3845 689 3871 ,
707 3809 869 3860 seutentiam
888 3805 930 3860 G:
955 3808 1071 3860 sentiam
1098 3807 1268 3858 Puteolanus.

300 3920 340 3972 η.
360 3915 387 3956 et
404 3903 508 3954 omittit
528 3903 578 3954 Ma,
612 3905 676 3958 Mox
696 3903 800 3960 Cinium
817 3903 884 3969 Mt,
903 3904 1029 3958 Cinciam
1049 3904 1145 3974 Spirae
1167 3905 1268 3960 Titiam

177 3991 180 3994 ’
230 3999 315 4050 ceteri
333 3999 449 4054 codices.
784 3986 786 3994 ’
