<?xml version="1.0" encoding="UTF-8"?>
<!DOCTYPE html PUBLIC "-//W3C//DTD XHTML 1.0 Transitional//EN"
    "http://www.w3.org/TR/xhtml1/DTD/xhtml1-transitional.dtd">
<html xmlns="http://www.w3.org/1999/xhtml" xml:lang="en" lang="en">
 <head>
  <title>
</title>
<meta http-equiv="Content-Type" content="text/html;charset=utf-8" />
  <meta name='ocr-system' content='tesseract 3.04.00' />
  <meta name='ocr-capabilities' content='ocr_page ocr_carea ocr_par ocr_line ocrx_word'/>
</head>
<body>
  <div class='ocr_page' id='page_1' title='image "./ccorneliitaciti00rittgoog_0252.png"; bbox 0 0 2862 4726; ppageno 0'>
   <div class='ocr_carea' id='block_1_1' title="bbox 157 292 882 398">
    <p class='ocr_par' dir='ltr' id='par_1_1' title="bbox 157 292 882 398">
     <span class='ocr_line' id='line_1_1' title="bbox 157 292 882 398; baseline -0.014 -36"><span class='ocrx_word' id='word_1_1' title='bbox 157 301 183 398; x_wconf 52' lang='lat' dir='ltr'>j</span> <span class='ocrx_word' id='word_1_2' title='bbox 246 293 309 374; x_wconf 77' lang='grc' dir='ltr'>ιιι</span> <span class='ocrx_word' id='word_1_3' title='bbox 667 292 882 354; x_wconf 77' lang='lat' dir='ltr'>nnnnunn</span> 
     </span>
    </p>
   </div>
   <div class='ocr_carea' id='block_1_2' title="bbox 102 487 236 560">
    <p class='ocr_par' dir='ltr' id='par_1_2' title="bbox 102 487 236 560">
     <span class='ocr_line' id='line_1_2' title="bbox 102 487 236 560; baseline 0 -20"><span class='ocrx_word' id='word_1_4' title='bbox 102 488 128 560; x_wconf 90' lang='lat' dir='ltr'>(a</span> <span class='ocrx_word' id='word_1_5' title='bbox 147 487 236 554; x_wconf 58' lang='lat' dir='ltr'>cde.)</span> 
     </span>
    </p>
   </div>
   <div class='ocr_carea' id='block_1_3' title="bbox 242 440 1408 665">
    <p class='ocr_par' dir='ltr' id='par_1_3' title="bbox 242 440 1408 665">
     <span class='ocr_line' id='line_1_3' title="bbox 332 440 1408 556; baseline -0.007 -22"><span class='ocrx_word' id='word_1_6' title='bbox 332 474 395 534; x_wconf 88' lang='lat' dir='ltr'>Per</span> <span class='ocrx_word' id='word_1_7' title='bbox 420 469 503 536; x_wconf 86' lang='lat' dir='ltr'>idem</span> <span class='ocrx_word' id='word_1_8' title='bbox 539 483 659 556; x_wconf 83' lang='lat' dir='ltr'>tempus</span> <span class='ocrx_word' id='word_1_9' title='bbox 688 440 904 546; x_wconf 26' lang='grc' dir='ltr'>Α[ιιιοιιιειΡιεο</span> <span class='ocrx_word' id='word_1_10' title='bbox 939 473 1094 555; x_wconf 85' lang='lat' dir='ltr'>pontifex,</span> <span class='ocrx_word' id='word_1_11' title='bbox 1125 494 1240 537; x_wconf 84' lang='lat' dir='ltr'>rarum</span> <span class='ocrx_word' id='word_1_12' title='bbox 1268 469 1300 528; x_wconf 89' lang='lat' dir='ltr'>in</span> <span class='ocrx_word' id='word_1_13' title='bbox 1407 503 1408 516; x_wconf 43' lang='grc' dir='ltr'><strong>ι</strong></span> 
     </span>
     <span class='ocr_line' id='line_1_4' title="bbox 242 579 1408 665; baseline 0.001 -22"><span class='ocrx_word' id='word_1_14' title='bbox 242 593 327 644; x_wconf 88' lang='lat' dir='ltr'>tanta</span> <span class='ocrx_word' id='word_1_15' title='bbox 359 581 563 658; x_wconf 78' lang='lat' dir='ltr'>claritudine,</span> <span class='ocrx_word' id='word_1_16' title='bbox 604 582 665 642; x_wconf 88' lang='lat' dir='ltr'>fato</span> <span class='ocrx_word' id='word_1_17' title='bbox 696 581 791 656; x_wconf 89' lang='lat' dir='ltr'>obiit,</span> <span class='ocrx_word' id='word_1_18' title='bbox 822 579 936 665; x_wconf 83' lang='lat' dir='ltr'>nullius</span> <span class='ocrx_word' id='word_1_19' title='bbox 967 581 1092 644; x_wconf 84' lang='lat' dir='ltr'>servilis</span> <span class='ocrx_word' id='word_1_20' title='bbox 1121 580 1323 642; x_wconf 69' lang='lat' dir='ltr'>seutentieei</span> <span class='ocrx_word' id='word_1_21' title='bbox 1375 622 1377 634; x_wconf 44' lang='grc' dir='ltr'><strong>ι</strong></span> <span class='ocrx_word' id='word_1_22' title='bbox 1407 635 1408 644; x_wconf 70' lang='grc'>,</span> 
     </span>
    </p>
   </div>
   <div class='ocr_carea' id='block_1_4' title="bbox 151 667 1408 894">
    <p class='ocr_par' dir='ltr' id='par_1_4' title="bbox 151 667 1408 894">
     <span class='ocr_line' id='line_1_5' title="bbox 239 667 1408 774; baseline -0.003 -22"><span class='ocrx_word' id='word_1_23' title='bbox 239 699 348 774; x_wconf 88' lang='lat' dir='ltr'>sponte</span> <span class='ocrx_word' id='word_1_24' title='bbox 369 700 495 760; x_wconf 79' lang='lat' dir='ltr'>auctor,</span> <span class='ocrx_word' id='word_1_25' title='bbox 516 701 547 750; x_wconf 90' lang='lat' dir='ltr'>et</span> <span class='ocrx_word' id='word_1_26' title='bbox 566 691 707 772; x_wconf 90' lang='lat' dir='ltr'>quotiens</span> <span class='ocrx_word' id='word_1_27' title='bbox 727 691 891 751; x_wconf 86' lang='lat' dir='ltr'><strong>necessitas</strong></span> <span class='ocrx_word' id='word_1_28' title='bbox 919 667 1097 772; x_wconf 59' lang='lat' dir='ltr'>ingrueret,</span> <span class='ocrx_word' id='word_1_29' title='bbox 1132 687 1299 770; x_wconf 82' lang='lat' dir='ltr'>sapienter</span> <span class='ocrx_word' id='word_1_30' title='bbox 1363 691 1366 699; x_wconf 86' lang='lat'>&#39;</span> <span class='ocrx_word' id='word_1_31' title='bbox 1407 691 1408 748; x_wconf 82' lang='lat'><em>3</em></span> 
     </span>
     <span class='ocr_line' id='line_1_6' title="bbox 151 796 1301 894; baseline -0.003 -36"><span class='ocrx_word' id='word_1_32' title='bbox 151 847 155 850; x_wconf 90' lang='lat'><em>.</em></span> <span class='ocrx_word' id='word_1_33' title='bbox 243 798 414 858; x_wconf 88' lang='lat' dir='ltr'>moderans.</span> <span class='ocrx_word' id='word_1_34' title='bbox 458 797 585 894; x_wconf 74' lang='lat' dir='ltr'>Patrem</span> <span class='ocrx_word' id='word_1_35' title='bbox 606 798 633 878; x_wconf 81' lang='lat' dir='ltr'>ei</span> <span class='ocrx_word' id='word_1_36' title='bbox 663 801 840 858; x_wconf 88' lang='lat' dir='ltr'>censorium</span> <span class='ocrx_word' id='word_1_37' title='bbox 856 796 963 860; x_wconf 73' lang='lat' dir='ltr'>luisse</span> <span class='ocrx_word' id='word_1_38' title='bbox 991 798 1181 875; x_wconf 80' lang='lat' dir='ltr'>memoravi3</span> <span class='ocrx_word' id='word_1_39' title='bbox 1211 805 1301 856; x_wconf 29' lang='lat' dir='ltr'>*aetas</span> 
     </span>
    </p>
   </div>
   <div class='ocr_carea' id='block_1_5' title="bbox 244 895 1332 1095">
    <p class='ocr_par' dir='ltr' id='par_1_5' title="bbox 244 895 1332 1095">
     <span class='ocr_line' id='line_1_7' title="bbox 246 895 1332 987; baseline -0.001 -23"><span class='ocrx_word' id='word_1_40' title='bbox 246 904 285 964; x_wconf 87' lang='lat' dir='ltr'>ud</span> <span class='ocrx_word' id='word_1_41' title='bbox 314 895 532 987; x_wconf 84' lang='lat' dir='ltr'>octogesimum</span> <span class='ocrx_word' id='word_1_42' title='bbox 562 927 678 966; x_wconf 86' lang='lat' dir='ltr'>annum</span> <span class='ocrx_word' id='word_1_43' title='bbox 715 907 881 986; x_wconf 69' lang='lat' dir='ltr'>processit,</span> <span class='ocrx_word' id='word_1_44' title='bbox 912 904 1004 968; x_wconf 86' lang='lat' dir='ltr'>decus</span> <span class='ocrx_word' id='word_1_45' title='bbox 1037 903 1232 986; x_wconf 88' lang='lat' dir='ltr'>triumphale</span> <span class='ocrx_word' id='word_1_46' title='bbox 1266 900 1332 964; x_wconf 87' lang='lat' dir='ltr'>in5</span> 
     </span>
     <span class='ocr_line' id='line_1_8' title="bbox 244 1007 1299 1095; baseline -0.002 -20"><span class='ocrx_word' id='word_1_47' title='bbox 244 1007 396 1075; x_wconf 80' lang='lat' dir='ltr'>Thraecia</span> <span class='ocrx_word' id='word_1_48' title='bbox 428 1023 590 1080; x_wconf 85' lang='lat' dir='ltr'>meruerat.</span> <span class='ocrx_word' id='word_1_49' title='bbox 633 1013 692 1074; x_wconf 89' lang='lat' dir='ltr'>Sed</span> <span class='ocrx_word' id='word_1_50' title='bbox 726 1013 887 1095; x_wconf 85' lang='lat' dir='ltr'>praecipua</span> <span class='ocrx_word' id='word_1_51' title='bbox 917 1036 953 1076; x_wconf 81' lang='lat' dir='ltr'>ex</span> <span class='ocrx_word' id='word_1_52' title='bbox 987 1034 1024 1075; x_wconf 89' lang='lat' dir='ltr'>eo</span> <span class='ocrx_word' id='word_1_53' title='bbox 1057 1012 1183 1094; x_wconf 82' lang='lat' dir='ltr'>gloria,</span> <span class='ocrx_word' id='word_1_54' title='bbox 1215 1011 1299 1094; x_wconf 86' lang='lat' dir='ltr'>quod</span> 
     </span>
    </p>
   </div>
   <div class='ocr_carea' id='block_1_6' title="bbox 190 1105 1300 1204">
    <p class='ocr_par' dir='ltr' id='par_1_6' title="bbox 190 1105 1300 1204">
     <span class='ocr_line' id='line_1_9' title="bbox 190 1105 1300 1204; baseline 0.002 -26"><span class='ocrx_word' id='word_1_55' title='bbox 190 1152 193 1162; x_wconf 50' lang='grc' dir='ltr'><strong>ι</strong></span> <span class='ocrx_word' id='word_1_56' title='bbox 227 1118 615 1199; x_wconf 59' lang='lat' dir='ltr'>¹praefectusurbirrecens</span> <span class='ocrx_word' id='word_1_57' title='bbox 631 1119 807 1179; x_wconf 90' lang='lat' dir='ltr'>continuam</span> <span class='ocrx_word' id='word_1_58' title='bbox 826 1129 1004 1200; x_wconf 85' lang='lat' dir='ltr'>potestatem</span> <span class='ocrx_word' id='word_1_59' title='bbox 1025 1129 1057 1182; x_wconf 85' lang='lat' dir='ltr'>et</span> <span class='ocrx_word' id='word_1_60' title='bbox 1067 1121 1233 1184; x_wconf 87' lang='lat' dir='ltr'>insolentia</span> <span class='ocrx_word' id='word_1_61' title='bbox 1246 1105 1300 1204; x_wconf 88' lang='lat' dir='ltr'>pa·</span> 
     </span>
    </p>
   </div>
   <div class='ocr_carea' id='block_1_7' title="bbox 244 1215 1341 1312">
    <p class='ocr_par' dir='ltr' id='par_1_7' title="bbox 244 1215 1341 1312">
     <span class='ocr_line' id='line_1_10' title="bbox 244 1215 1341 1312; baseline 0.008 -28"><span class='ocrx_word' id='word_1_62' title='bbox 244 1224 333 1287; x_wconf 88' lang='lat' dir='ltr'>rendi</span> <span class='ocrx_word' id='word_1_63' title='bbox 355 1228 566 1312; x_wconf 88' lang='lat' dir='ltr'>graviorem</span> <span class='ocrx_word' id='word_1_64' title='bbox 547 1227 624 1308; x_wconf 87' lang='lat' dir='ltr'>mire</span> <span class='ocrx_word' id='word_1_65' title='bbox 645 1227 835 1308; x_wconf 85' lang='lat' dir='ltr'>temperavit.</span> <span class='ocrx_word' id='word_1_66' title='bbox 881 1228 1019 1310; x_wconf 80' lang='lat' dir='ltr'><strong>Namque</strong></span> <span class='ocrx_word' id='word_1_67' title='bbox 1040 1240 1151 1307; x_wconf 87' lang='lat' dir='ltr'>autea,</span> <span class='ocrx_word' id='word_1_68' title='bbox 1168 1229 1294 1312; x_wconf 77' lang='lat' dir='ltr'>profec·</span> <span class='ocrx_word' id='word_1_69' title='bbox 1283 1215 1341 1293; x_wconf 77' lang='grc' dir='ltr'>-ιι</span> 
     </span>
    </p>
   </div>
   <div class='ocr_carea' id='block_1_8' title="bbox 165 1333 1299 1428">
    <p class='ocr_par' dir='ltr' id='par_1_8' title="bbox 165 1333 1299 1428">
     <span class='ocr_line' id='line_1_11' title="bbox 165 1333 1299 1428; baseline 0.008 -37"><span class='ocrx_word' id='word_1_70' title='bbox 165 1399 168 1408; x_wconf 22' lang='lat' dir='ltr'>y</span> <span class='ocrx_word' id='word_1_71' title='bbox 245 1333 285 1394; x_wconf 86' lang='lat' dir='ltr'>tis</span> <span class='ocrx_word' id='word_1_72' title='bbox 306 1333 397 1394; x_wconf 90' lang='lat' dir='ltr'>domo</span> <span class='ocrx_word' id='word_1_73' title='bbox 420 1336 543 1415; x_wconf 81' lang='lat' dir='ltr'>regibus</span> <span class='ocrx_word' id='word_1_74' title='bbox 565 1355 604 1396; x_wconf 91' lang='lat' dir='ltr'>ac</span> <span class='ocrx_word' id='word_1_75' title='bbox 622 1355 691 1394; x_wconf 85' lang='lat' dir='ltr'>mox</span> <span class='ocrx_word' id='word_1_76' title='bbox 707 1336 961 1417; x_wconf 86' lang='lat' dir='ltr'>magistratibus,</span> <span class='ocrx_word' id='word_1_77' title='bbox 990 1339 1129 1400; x_wconf 87' lang='lat' dir='ltr'>neurhs</span> <span class='ocrx_word' id='word_1_78' title='bbox 1150 1341 1221 1428; x_wconf 84' lang='lat' dir='ltr'>sine</span> <span class='ocrx_word' id='word_1_79' title='bbox 1242 1341 1299 1400; x_wconf 88' lang='lat' dir='ltr'>im</span> 
     </span>
    </p>
   </div>
   <div class='ocr_carea' id='block_1_9' title="bbox 246 1439 1349 1743">
    <p class='ocr_par' dir='ltr' id='par_1_9' title="bbox 246 1439 1349 1743">
     <span class='ocr_line' id='line_1_12' title="bbox 246 1439 1349 1534; baseline 0.004 -32"><span class='ocrx_word' id='word_1_80' title='bbox 246 1440 335 1524; x_wconf 86' lang='lat' dir='ltr'>perio</span> <span class='ocrx_word' id='word_1_81' title='bbox 359 1439 479 1514; x_wconf 88' lang='lat' dir='ltr'>foret,&#39;</span> <span class='ocrx_word' id='word_1_82' title='bbox 473 1464 505 1502; x_wconf 90' lang='grc' dir='ltr'>ιιι</span> <span class='ocrx_word' id='word_1_83' title='bbox 527 1447 648 1534; x_wconf 76' lang='lat' dir='ltr'>tempus</span> <span class='ocrx_word' id='word_1_84' title='bbox 671 1441 864 1526; x_wconf 76' lang='lat' dir='ltr'>deligebatur</span> <span class='ocrx_word' id='word_1_85' title='bbox 881 1444 934 1526; x_wconf 88' lang='lat' dir='ltr'>qni</span> <span class='ocrx_word' id='word_1_86' title='bbox 954 1446 1001 1505; x_wconf 88' lang='lat' dir='ltr'>ins</span> <span class='ocrx_word' id='word_1_87' title='bbox 1020 1446 1165 1507; x_wconf 83' lang='lat' dir='ltr'>redderet</span> <span class='ocrx_word' id='word_1_88' title='bbox 1188 1469 1226 1507; x_wconf 88' lang='lat' dir='ltr'>nc</span> <span class='ocrx_word' id='word_1_89' title='bbox 1246 1467 1297 1508; x_wconf 90' lang='lat' dir='ltr'>sn·</span> <span class='ocrx_word' id='word_1_90' title='bbox 1321 1453 1349 1493; x_wconf 83' lang='lat'>¹⁰</span> 
     </span>
     <span class='ocr_line' id='line_1_13' title="bbox 246 1549 1296 1633; baseline 0.001 -21"><span class='ocrx_word' id='word_1_91' title='bbox 246 1551 320 1612; x_wconf 85' lang='lat' dir='ltr'>bitis</span> <span class='ocrx_word' id='word_1_92' title='bbox 341 1549 539 1638; x_wconf 80' lang='lat' dir='ltr'>mederetur</span> <span class='ocrx_word' id='word_1_93' title='bbox 532 1551 723 1633; x_wconf 83' lang='lat' dir='ltr'>,feruntque</span> <span class='ocrx_word' id='word_1_94' title='bbox 746 1553 784 1614; x_wconf 88' lang='lat' dir='ltr'>ab</span> <span class='ocrx_word' id='word_1_95' title='bbox 795 1553 928 1614; x_wconf 89' lang='lat' dir='ltr'>Romulo</span> <span class='ocrx_word' id='word_1_96' title='bbox 943 1555 1089 1615; x_wconf 78' lang='lat' dir='ltr'>Dentrem</span> <span class='ocrx_word' id='word_1_97' title='bbox 1104 1554 1296 1628; x_wconf 83' lang='lat' dir='ltr'>Romulium,</span> 
     </span>
     <span class='ocr_line' id='line_1_14' title="bbox 248 1633 1300 1743; baseline -0.001 -23"><span class='ocrx_word' id='word_1_98' title='bbox 248 1672 325 1742; x_wconf 89' lang='lat' dir='ltr'>post</span> <span class='ocrx_word' id='word_1_99' title='bbox 335 1662 373 1720; x_wconf 88' lang='lat' dir='ltr'>ab</span> <span class='ocrx_word' id='word_1_100' title='bbox 386 1633 487 1722; x_wconf 89' lang='lat' dir='ltr'>Tullo</span> <span class='ocrx_word' id='word_1_101' title='bbox 510 1659 640 1722; x_wconf 87' lang='lat' dir='ltr'>Hostilio</span> <span class='ocrx_word' id='word_1_102' title='bbox 662 1664 792 1722; x_wconf 86' lang='lat' dir='ltr'>Numam</span> <span class='ocrx_word' id='word_1_103' title='bbox 814 1663 988 1738; x_wconf 88' lang='lat' dir='ltr'>Marcium,</span> <span class='ocrx_word' id='word_1_104' title='bbox 1011 1674 1042 1723; x_wconf 90' lang='lat' dir='ltr'>et</span> <span class='ocrx_word' id='word_1_105' title='bbox 1063 1663 1104 1723; x_wconf 81' lang='lat' dir='ltr'>ab</span> <span class='ocrx_word' id='word_1_106' title='bbox 1126 1660 1300 1743; x_wconf 72' lang='lat' dir='ltr'>Tarquinio</span> 
     </span>
    </p>
   </div>
   <div class='ocr_carea' id='block_1_10' title="bbox 210 1763 1301 1850">
    <p class='ocr_par' dir='ltr' id='par_1_10' title="bbox 210 1763 1301 1850">
     <span class='ocr_line' id='line_1_15' title="bbox 210 1763 1301 1850; baseline 0 -22"><span class='ocrx_word' id='word_1_107' title='bbox 210 1807 234 1842; x_wconf 54' lang='lat'>0„</span> <span class='ocrx_word' id='word_1_108' title='bbox 249 1763 391 1850; x_wconf 77' lang='lat' dir='ltr'>superbo</span> <span class='ocrx_word' id='word_1_109' title='bbox 402 1769 549 1850; x_wconf 85' lang='lat' dir='ltr'>Spurium</span> <span class='ocrx_word' id='word_1_110' title='bbox 562 1771 738 1830; x_wconf 87' lang='lat' dir='ltr'>Lucretium</span> <span class='ocrx_word' id='word_1_111' title='bbox 761 1770 927 1850; x_wconf 86' lang='lat' dir='ltr'>impositos.</span> <span class='ocrx_word' id='word_1_112' title='bbox 951 1771 1030 1830; x_wconf 85' lang='lat' dir='ltr'>Dein</span> <span class='ocrx_word' id='word_1_113' title='bbox 1054 1769 1198 1834; x_wconf 86' lang='lat' dir='ltr'>consules</span> <span class='ocrx_word' id='word_1_114' title='bbox 1220 1789 1301 1828; x_wconf 87' lang='lat' dir='ltr'>man·</span> 
     </span>
    </p>
   </div>
   <div class='ocr_carea' id='block_1_11' title="bbox 238 1863 1302 1970">
    <p class='ocr_par' dir='ltr' id='par_1_11' title="bbox 238 1863 1302 1970">
     <span class='ocr_line' id='line_1_16' title="bbox 238 1863 1302 1970; baseline -0.005 -30"><span class='ocrx_word' id='word_1_115' title='bbox 238 1878 379 1951; x_wconf 65' lang='lat' dir='ltr'>&#39;dabone</span> <span class='ocrx_word' id='word_1_116' title='bbox 403 1863 795 1960; x_wconf 13' lang='lat' dir='ltr'>duratque-simulacrum,</span> <span class='ocrx_word' id='word_1_117' title='bbox 818 1881 960 1960; x_wconf 86' lang='lat' dir='ltr'>quotiens</span> <span class='ocrx_word' id='word_1_118' title='bbox 989 1879 1041 1970; x_wconf 34' lang='lat' dir='ltr'>ob.</span> <span class='ocrx_word' id='word_1_119' title='bbox 1058 1879 1151 1940; x_wconf 85' lang='lat' dir='ltr'>ferias</span> <span class='ocrx_word' id='word_1_120' title='bbox 1174 1878 1302 1940; x_wconf 87' lang='lat' dir='ltr'>Latinas</span> 
     </span>
    </p>
   </div>
   <div class='ocr_carea' id='block_1_12' title="bbox 251 1985 1350 2500">
    <p class='ocr_par' dir='ltr' id='par_1_12' title="bbox 251 1985 1350 2500">
     <span class='ocr_line' id='line_1_17' title="bbox 251 1985 1350 2070; baseline -0.002 -22"><span class='ocrx_word' id='word_1_121' title='bbox 251 1987 427 2070; x_wconf 83' lang='lat' dir='ltr'>praeficitur</span> <span class='ocrx_word' id='word_1_122' title='bbox 447 1988 499 2068; x_wconf 87' lang='lat' dir='ltr'>qui</span> <span class='ocrx_word' id='word_1_123' title='bbox 522 1985 684 2060; x_wconf 86' lang='lat' dir='ltr'>consulare</span> <span class='ocrx_word' id='word_1_124' title='bbox 702 2007 812 2048; x_wconf 88' lang='lat' dir='ltr'>munus</span> <span class='ocrx_word' id='word_1_125' title='bbox 832 1996 969 2068; x_wconf 76' lang='lat' dir='ltr'>usurpet.</span> <span class='ocrx_word' id='word_1_126' title='bbox 1013 1989 1159 2049; x_wconf 87' lang='lat' dir='ltr'>Ceterum</span> <span class='ocrx_word' id='word_1_127' title='bbox 1184 1991 1295 2068; x_wconf 76' lang='lat' dir='ltr'>Augu·</span> <span class='ocrx_word' id='word_1_128' title='bbox 1320 1985 1350 2046; x_wconf 73' lang='grc' dir='ltr'>ιι</span> 
     </span>
     <span class='ocr_line' id='line_1_18' title="bbox 254 2093 1303 2180; baseline -0.005 -22"><span class='ocrx_word' id='word_1_129' title='bbox 254 2106 319 2174; x_wconf 82' lang='lat' dir='ltr'>stus</span> <span class='ocrx_word' id='word_1_130' title='bbox 338 2094 427 2158; x_wconf 85' lang='lat' dir='ltr'>bellis</span> <span class='ocrx_word' id='word_1_131' title='bbox 449 2095 590 2158; x_wconf 85' lang='lat' dir='ltr'>civilibus</span> <span class='ocrx_word' id='word_1_132' title='bbox 605 2093 739 2180; x_wconf 81' lang='lat' dir='ltr'>Cilnium</span> <span class='ocrx_word' id='word_1_133' title='bbox 751 2097 978 2172; x_wconf 80' lang='lat' dir='ltr'>Maecenatem,</span> <span class='ocrx_word' id='word_1_134' title='bbox 1002 2095 1153 2178; x_wconf 85' lang='lat' dir='ltr'>equestris</span> <span class='ocrx_word' id='word_1_135' title='bbox 1174 2096 1303 2166; x_wconf 80' lang='lat' dir='ltr'>ordinis,</span> 
     </span>
     <span class='ocr_line' id='line_1_19' title="bbox 254 2185 1304 2286; baseline -0.006 -22"><span class='ocrx_word' id='word_1_136' title='bbox 254 2205 373 2264; x_wconf 85' lang='lat' dir='ltr'>cunctis</span> <span class='ocrx_word' id='word_1_137' title='bbox 392 2203 473 2284; x_wconf 89' lang='lat' dir='ltr'>apud</span> <span class='ocrx_word' id='word_1_138' title='bbox 491 2203 620 2262; x_wconf 85' lang='lat' dir='ltr'>Romam</span> <span class='ocrx_word' id='word_1_139' title='bbox 643 2212 734 2283; x_wconf 86' lang='lat' dir='ltr'>atque</span> <span class='ocrx_word' id='word_1_140' title='bbox 757 2185 877 2266; x_wconf 77' lang='lat' dir='ltr'>ltaliam</span> <span class='ocrx_word' id='word_1_141' title='bbox 898 2208 1082 2286; x_wconf 86' lang='lat' dir='ltr'>praeposuit.</span> <span class='ocrx_word' id='word_1_142' title='bbox 1105 2204 1177 2264; x_wconf 87' lang='lat' dir='ltr'>Mox</span> <span class='ocrx_word' id='word_1_143' title='bbox 1202 2221 1304 2262; x_wconf 85' lang='lat' dir='ltr'>rerum</span> 
     </span>
     <span class='ocr_line' id='line_1_20' title="bbox 255 2307 1303 2394; baseline -0.005 -23"><span class='ocrx_word' id='word_1_144' title='bbox 255 2313 387 2392; x_wconf 87' lang='lat' dir='ltr'>potitus,</span> <span class='ocrx_word' id='word_1_145' title='bbox 411 2311 451 2372; x_wconf 93' lang='lat' dir='ltr'>oh</span> <span class='ocrx_word' id='word_1_146' title='bbox 472 2308 711 2391; x_wconf 82' lang='lat' dir='ltr'>magnitudinem</span> <span class='ocrx_word' id='word_1_147' title='bbox 730 2309 836 2390; x_wconf 89' lang='lat' dir='ltr'>populi</span> <span class='ocrx_word' id='word_1_148' title='bbox 869 2333 904 2372; x_wconf 86' lang='lat' dir='ltr'>ac</span> <span class='ocrx_word' id='word_1_149' title='bbox 935 2313 1024 2374; x_wconf 85' lang='lat' dir='ltr'>tarda</span> <span class='ocrx_word' id='word_1_150' title='bbox 1055 2313 1159 2394; x_wconf 87' lang='lat' dir='ltr'>legum</span> <span class='ocrx_word' id='word_1_151' title='bbox 1193 2307 1303 2371; x_wconf 82' lang='lat' dir='ltr'>auxilia</span> 
     </span>
     <span class='ocr_line' id='line_1_21' title="bbox 253 2416 1302 2500; baseline -0.005 -20"><span class='ocrx_word' id='word_1_152' title='bbox 253 2419 384 2500; x_wconf 78' lang='lat' dir='ltr'>sumpsit</span> <span class='ocrx_word' id='word_1_153' title='bbox 408 2439 430 2482; x_wconf 80' lang='lat' dir='ltr'>e,</span> <span class='ocrx_word' id='word_1_154' title='bbox 440 2416 650 2478; x_wconf 88' lang='lat' dir='ltr'>consularibus</span> <span class='ocrx_word' id='word_1_155' title='bbox 670 2418 724 2498; x_wconf 78' lang='lat' dir='ltr'>qni</span> <span class='ocrx_word' id='word_1_156' title='bbox 745 2431 902 2480; x_wconf 83' lang='lat' dir='ltr'>coerceret</span> <span class='ocrx_word' id='word_1_157' title='bbox 933 2422 1055 2482; x_wconf 89' lang='lat' dir='ltr'>servitia</span> <span class='ocrx_word' id='word_1_158' title='bbox 1087 2432 1117 2482; x_wconf 89' lang='lat' dir='ltr'>et</span> <span class='ocrx_word' id='word_1_159' title='bbox 1144 2418 1231 2500; x_wconf 89' lang='lat' dir='ltr'>quod</span> <span class='ocrx_word' id='word_1_160' title='bbox 1261 2416 1302 2476; x_wconf 86' lang='lat' dir='ltr'>ci·</span> 
     </span>
    </p>
   </div>
   <div class='ocr_carea' id='block_1_13' title="bbox 248 2525 1351 2605">
    <p class='ocr_par' dir='ltr' id='par_1_13' title="bbox 248 2525 1351 2605">
     <span class='ocr_line' id='line_1_22' title="bbox 248 2525 1351 2605; baseline -0.008 -17"><span class='ocrx_word' id='word_1_161' title='bbox 248 2529 344 2600; x_wconf 41' lang='lat' dir='ltr'>,rium</span> <span class='ocrx_word' id='word_1_162' title='bbox 375 2526 502 2589; x_wconf 85' lang='lat' dir='ltr'>audacia</span> <span class='ocrx_word' id='word_1_163' title='bbox 540 2525 718 2601; x_wconf 88' lang='lat' dir='ltr'>turbidum,</span> <span class='ocrx_word' id='word_1_164' title='bbox 752 2528 810 2593; x_wconf 80' lang='lat' dir='ltr'>nisi</span> <span class='ocrx_word' id='word_1_165' title='bbox 848 2528 909 2589; x_wconf 88' lang='lat' dir='ltr'>vim</span> <span class='ocrx_word' id='word_1_166' title='bbox 938 2527 1064 2592; x_wconf 80' lang='lat' dir='ltr'>metuat.</span> <span class='ocrx_word' id='word_1_167' title='bbox 1116 2529 1301 2605; x_wconf 89' lang='lat' dir='ltr'>Primusque</span> <span class='ocrx_word' id='word_1_168' title='bbox 1320 2538 1351 2579; x_wconf 83' lang='lat' dir='ltr'>ae</span> 
     </span>
    </p>
   </div>
   <div class='ocr_carea' id='block_1_14' title="bbox 258 2633 1300 2718">
    <p class='ocr_par' dir='ltr' id='par_1_14' title="bbox 258 2633 1300 2718">
     <span class='ocr_line' id='line_1_23' title="bbox 258 2633 1300 2718; baseline -0.008 -19"><span class='ocrx_word' id='word_1_169' title='bbox 258 2635 387 2700; x_wconf 82' lang='lat' dir='ltr'>Messala</span> <span class='ocrx_word' id='word_1_170' title='bbox 410 2635 564 2697; x_wconf 87' lang='lat' dir='ltr'>Corvinus</span> <span class='ocrx_word' id='word_1_171' title='bbox 586 2655 653 2704; x_wconf 87' lang='lat' dir='ltr'>eam</span> <span class='ocrx_word' id='word_1_172' title='bbox 681 2644 883 2716; x_wconf 87' lang='lat' dir='ltr'>potestatem,</span> <span class='ocrx_word' id='word_1_173' title='bbox 918 2645 951 2696; x_wconf 88' lang='lat' dir='ltr'>et</span> <span class='ocrx_word' id='word_1_174' title='bbox 977 2656 1090 2718; x_wconf 88' lang='lat' dir='ltr'>parroos</span> <span class='ocrx_word' id='word_1_175' title='bbox 1118 2638 1204 2696; x_wconf 87' lang='lat' dir='ltr'>intra</span> <span class='ocrx_word' id='word_1_176' title='bbox 1238 2633 1300 2694; x_wconf 87' lang='lat' dir='ltr'>dies</span> 
     </span>
    </p>
   </div>
   <div class='ocr_carea' id='block_1_15' title="bbox 239 2743 1292 2828">
    <p class='ocr_par' dir='ltr' id='par_1_15' title="bbox 239 2743 1292 2828">
     <span class='ocr_line' id='line_1_24' title="bbox 239 2743 1292 2828; baseline -0.004 -24"><span class='ocrx_word' id='word_1_177' title='bbox 239 2745 348 2826; x_wconf 79' lang='lat' dir='ltr'>¹linem</span> <span class='ocrx_word' id='word_1_178' title='bbox 371 2745 509 2824; x_wconf 81' lang='lat' dir='ltr'>accepit,</span> <span class='ocrx_word' id='word_1_179' title='bbox 534 2745 619 2828; x_wconf 74' lang='lat' dir='ltr'>quasi</span> <span class='ocrx_word' id='word_1_180' title='bbox 642 2746 762 2804; x_wconf 85' lang='lat' dir='ltr'>nescius</span> <span class='ocrx_word' id='word_1_181' title='bbox 782 2744 951 2812; x_wconf 81' lang='lat' dir='ltr'>exercendi,</span> <span class='ocrx_word' id='word_1_182' title='bbox 990 2743 1076 2802; x_wconf 85' lang='lat' dir='ltr'>Tum</span> <span class='ocrx_word' id='word_1_183' title='bbox 1092 2743 1292 2804; x_wconf 80' lang='lat' dir='ltr'>TaurusSta·</span> 
     </span>
    </p>
   </div>
   <div class='ocr_carea' id='block_1_16' title="bbox 261 2849 1351 3361">
    <p class='ocr_par' dir='ltr' id='par_1_16' title="bbox 261 2849 1351 3361">
     <span class='ocr_line' id='line_1_25' title="bbox 261 2849 1303 2934; baseline -0.006 -22"><span class='ocrx_word' id='word_1_184' title='bbox 261 2851 364 2926; x_wconf 87' lang='lat' dir='ltr'>tilius,</span> <span class='ocrx_word' id='word_1_185' title='bbox 388 2873 563 2934; x_wconf 88' lang='lat' dir='ltr'>quanquam</span> <span class='ocrx_word' id='word_1_186' title='bbox 585 2861 732 2932; x_wconf 88' lang='lat' dir='ltr'>provecta</span> <span class='ocrx_word' id='word_1_187' title='bbox 756 2861 875 2926; x_wconf 87' lang='lat' dir='ltr'>aetate,</span> <span class='ocrx_word' id='word_1_188' title='bbox 906 2853 1024 2932; x_wconf 83' lang='lat' dir='ltr'>egregie</span> <span class='ocrx_word' id='word_1_189' title='bbox 1044 2849 1196 2911; x_wconf 82' lang='lat' dir='ltr'>tolcravit.</span> <span class='ocrx_word' id='word_1_190' title='bbox 1241 2851 1303 2911; x_wconf 84' lang='lat' dir='ltr'>De-</span> 
     </span>
     <span class='ocr_line' id='line_1_26' title="bbox 261 2957 1303 3040; baseline -0.004 -22"><span class='ocrx_word' id='word_1_191' title='bbox 261 2961 293 3018; x_wconf 89' lang='lat' dir='ltr'>io</span> <span class='ocrx_word' id='word_1_192' title='bbox 314 2960 385 3032; x_wconf 81' lang='lat' dir='ltr'>Piso</span> <span class='ocrx_word' id='word_1_193' title='bbox 406 2960 514 3040; x_wconf 87' lang='lat' dir='ltr'>viginti</span> <span class='ocrx_word' id='word_1_194' title='bbox 534 2979 591 3038; x_wconf 87' lang='lat' dir='ltr'>per</span> <span class='ocrx_word' id='word_1_195' title='bbox 611 2980 706 3019; x_wconf 87' lang='lat' dir='ltr'>annos</span> <span class='ocrx_word' id='word_1_196' title='bbox 727 2961 843 3040; x_wconf 89' lang='lat' dir='ltr'>pariter</span> <span class='ocrx_word' id='word_1_197' title='bbox 863 2960 1024 3040; x_wconf 85' lang='lat' dir='ltr'>probatus.</span> <span class='ocrx_word' id='word_1_198' title='bbox 1045 2957 1177 3020; x_wconf 84' lang='lat' dir='ltr'>Publice</span> <span class='ocrx_word' id='word_1_199' title='bbox 1199 2960 1303 3018; x_wconf 82' lang='lat' dir='ltr'>sunere</span> 
     </span>
     <span class='ocr_line' id='line_1_27' title="bbox 263 3055 1351 3132; baseline -0.003 -6"><span class='ocrx_word' id='word_1_200' title='bbox 263 3067 305 3126; x_wconf 76' lang='lat' dir='ltr'>ex&#39;</span> <span class='ocrx_word' id='word_1_201' title='bbox 320 3065 444 3126; x_wconf 89' lang='lat' dir='ltr'>decreto</span> <span class='ocrx_word' id='word_1_202' title='bbox 464 3075 589 3128; x_wconf 85' lang='lat' dir='ltr'>senatus</span> <span class='ocrx_word' id='word_1_203' title='bbox 610 3068 780 3128; x_wconf 84' lang='lat' dir='ltr'>celebratus</span> <span class='ocrx_word' id='word_1_204' title='bbox 797 3078 852 3132; x_wconf 80' lang='lat' dir='ltr'>est.</span> <span class='ocrx_word' id='word_1_205' title='bbox 1319 3055 1351 3118; x_wconf 67' lang='grc' dir='ltr'>ιι</span> 
     </span>
     <span class='ocr_line' id='line_1_28' title="bbox 291 3151 1350 3254; baseline -0.003 -22"><span class='ocrx_word' id='word_1_206' title='bbox 291 3151 295 3161; x_wconf 42' lang='lat'>¹</span> <span class='ocrx_word' id='word_1_207' title='bbox 347 3173 489 3244; x_wconf 81' lang='lat' dir='ltr'>Relatum</span> <span class='ocrx_word' id='word_1_208' title='bbox 511 3173 644 3234; x_wconf 82' lang='lat' dir='ltr'>indeed</span> <span class='ocrx_word' id='word_1_209' title='bbox 674 3184 775 3254; x_wconf 86' lang='lat' dir='ltr'>patres</span> <span class='ocrx_word' id='word_1_210' title='bbox 797 3196 815 3234; x_wconf 87' lang='lat' dir='ltr'>a</span> <span class='ocrx_word' id='word_1_211' title='bbox 836 3173 1030 3252; x_wconf 87' lang='lat' dir='ltr'>Quintiliano</span> <span class='ocrx_word' id='word_1_212' title='bbox 1052 3173 1180 3234; x_wconf 85' lang='lat' dir='ltr'>tribuno</span> <span class='ocrx_word' id='word_1_213' title='bbox 1202 3163 1350 3254; x_wconf 61' lang='lat' dir='ltr'>plebeijd</span> 
     </span>
     <span class='ocr_line' id='line_1_29' title="bbox 266 3257 1302 3361; baseline -0.011 -19"><span class='ocrx_word' id='word_1_214' title='bbox 266 3281 305 3342; x_wconf 88' lang='lat' dir='ltr'>de</span> <span class='ocrx_word' id='word_1_215' title='bbox 329 3279 408 3340; x_wconf 89' lang='lat' dir='ltr'>libro</span> <span class='ocrx_word' id='word_1_216' title='bbox 428 3257 585 3357; x_wconf 87' lang='lat' dir='ltr'>Sibullae,</span> <span class='ocrx_word' id='word_1_217' title='bbox 608 3301 699 3361; x_wconf 88' lang='lat' dir='ltr'>quem</span> <span class='ocrx_word' id='word_1_218' title='bbox 723 3281 869 3340; x_wconf 83' lang='lat' dir='ltr'>Caninius</span> <span class='ocrx_word' id='word_1_219' title='bbox 889 3279 997 3340; x_wconf 86' lang='lat' dir='ltr'>Gallus</span> <span class='ocrx_word' id='word_1_220' title='bbox 1028 3277 1302 3361; x_wconf 85' lang='lat' dir='ltr'>quindecimvirum</span> 
     </span>
    </p>
   </div>
   <div class='ocr_carea' id='block_1_17' title="bbox 192 3381 1304 3468">
    <p class='ocr_par' dir='ltr' id='par_1_17' title="bbox 192 3381 1304 3468">
     <span class='ocr_line' id='line_1_30' title="bbox 192 3381 1304 3468; baseline -0.007 -20"><span class='ocrx_word' id='word_1_221' title='bbox 192 3381 198 3391; x_wconf 74' lang='grc'><strong>’</strong></span> <span class='ocrx_word' id='word_1_222' title='bbox 269 3388 365 3468; x_wconf 86' lang='lat' dir='ltr'>recipi</span> <span class='ocrx_word' id='word_1_223' title='bbox 387 3389 469 3446; x_wconf 87' lang='lat' dir='ltr'>inter</span> <span class='ocrx_word' id='word_1_224' title='bbox 503 3395 621 3449; x_wconf 88' lang='lat' dir='ltr'>ceteros</span> <span class='ocrx_word' id='word_1_225' title='bbox 651 3387 789 3450; x_wconf 87' lang='lat' dir='ltr'>eiusdem</span> <span class='ocrx_word' id='word_1_226' title='bbox 819 3387 913 3464; x_wconf 85' lang='lat' dir='ltr'>ratis,</span> <span class='ocrx_word' id='word_1_227' title='bbox 943 3397 974 3447; x_wconf 89' lang='lat' dir='ltr'>et</span> <span class='ocrx_word' id='word_1_228' title='bbox 993 3407 1029 3448; x_wconf 89' lang='lat' dir='ltr'>ea</span> <span class='ocrx_word' id='word_1_229' title='bbox 1054 3385 1093 3446; x_wconf 83' lang='lat' dir='ltr'>de</span> <span class='ocrx_word' id='word_1_230' title='bbox 1122 3407 1156 3448; x_wconf 91' lang='lat' dir='ltr'>re</span> <span class='ocrx_word' id='word_1_231' title='bbox 1187 3391 1304 3448; x_wconf 81' lang='lat' dir='ltr'>senatus</span> 
     </span>
    </p>
   </div>
   <div class='ocr_carea' id='block_1_18' title="bbox 268 3539 530 3554">
    <p class='ocr_par' dir='ltr' id='par_1_18' title="bbox 268 3539 530 3554">
     <span class='ocr_line' id='line_1_31' title="bbox 268 3539 530 3554; baseline 0 -2"><span class='ocrx_word' id='word_1_232' title='bbox 268 3539 530 3554; x_wconf 55' lang='lat' dir='ltr'><em>m</em></span> 
     </span>
    </p>
   </div>
   <div class='ocr_carea' id='block_1_19' title="bbox 271 3639 1304 3801">
    <p class='ocr_par' dir='ltr' id='par_1_19' title="bbox 271 3639 1304 3794">
     <span class='ocr_line' id='line_1_32' title="bbox 271 3639 1304 3733; baseline -0.005 -39"><span class='ocrx_word' id='word_1_233' title='bbox 271 3646 388 3710; x_wconf 82' lang='lat' dir='ltr'>positam</span> <span class='ocrx_word' id='word_1_234' title='bbox 408 3660 467 3696; x_wconf 86' lang='lat' dir='ltr'>esse</span> <span class='ocrx_word' id='word_1_235' title='bbox 485 3646 622 3733; x_wconf 80' lang='lat' dir='ltr'>suspicor,</span> <span class='ocrx_word' id='word_1_236' title='bbox 640 3647 687 3698; x_wconf 82' lang='lat' dir='ltr'>sed</span> <span class='ocrx_word' id='word_1_237' title='bbox 708 3645 830 3716; x_wconf 84' lang='lat' dir='ltr'>quamvis</span> <span class='ocrx_word' id='word_1_238' title='bbox 848 3659 925 3695; x_wconf 80' lang='lat' dir='ltr'>secus</span> <span class='ocrx_word' id='word_1_239' title='bbox 945 3642 998 3706; x_wconf 80' lang='lat' dir='ltr'>sit,</span> <span class='ocrx_word' id='word_1_240' title='bbox 1018 3648 1110 3696; x_wconf 66' lang='lat' dir='ltr'>umen</span> <span class='ocrx_word' id='word_1_241' title='bbox 1135 3658 1199 3697; x_wconf 81' lang='lat' dir='ltr'>vera</span> <span class='ocrx_word' id='word_1_242' title='bbox 1220 3639 1304 3707; x_wconf 75' lang='lat' dir='ltr'>scrip·</span> 
     </span>
     <span class='ocr_line' id='line_1_33' title="bbox 271 3739 861 3801; baseline -0.003 -10"><span class='ocrx_word' id='word_1_243' title='bbox 271 3747 333 3791; x_wconf 82' lang='lat' dir='ltr'>tura</span> <span class='ocrx_word' id='word_1_244' title='bbox 354 3739 524 3794; x_wconf 85' lang='lat' dir='ltr'>restituenda</span> <span class='ocrx_word' id='word_1_245' title='bbox 543 3749 591 3794; x_wconf 81' lang='lat' dir='ltr'>est.</span> <span class='ocrx_word' id='word_1_246' title='bbox 629 3741 708 3793; x_wconf 85' lang='lat' dir='ltr'>Conf</span> <span class='ocrx_word' id='word_1_247' title='bbox 730 3740 815 3801; x_wconf 83' lang='lat' dir='ltr'>adl,</span> <span class='ocrx_word' id='word_1_248' title='bbox 836 3741 861 3792; x_wconf 88' lang='lat'>5.</span> 
     </span>
    </p>
   </div>
   <div class='ocr_carea' id='block_1_20' title="bbox 256 3789 1305 3909">
    <p class='ocr_par' dir='ltr' id='par_1_20' title="bbox 256 3789 1305 3909">
     <span class='ocr_line' id='line_1_34' title="bbox 256 3789 1305 3909; baseline -0.009 -20"><span class='ocrx_word' id='word_1_249' title='bbox 256 3865 262 3876; x_wconf 93' lang='lat'><strong>·</strong></span> <span class='ocrx_word' id='word_1_250' title='bbox 361 3839 386 3888; x_wconf 81' lang='lat'>8.</span> <span class='ocrx_word' id='word_1_251' title='bbox 404 3836 536 3908; x_wconf 65' lang='lat' dir='ltr'>projectis</span> <span class='ocrx_word' id='word_1_252' title='bbox 554 3832 643 3907; x_wconf 86' lang='lat' dir='ltr'>dome]</span> <span class='ocrx_word' id='word_1_253' title='bbox 660 3836 809 3906; x_wconf 81' lang='lat' dir='ltr'>praesectis</span> <span class='ocrx_word' id='word_1_254' title='bbox 826 3833 933 3888; x_wconf 83' lang='lat' dir='ltr'>demum</span> <span class='ocrx_word' id='word_1_255' title='bbox 952 3835 998 3909; x_wconf 79' lang='lat' dir='ltr'>M3</span> <span class='ocrx_word' id='word_1_256' title='bbox 1017 3821 1135 3892; x_wconf 75' lang='lat' dir='ltr'>correxit</span> <span class='ocrx_word' id='word_1_257' title='bbox 1153 3789 1305 3896; x_wconf 74' lang='lat' dir='ltr'>lllienenut.</span> 
     </span>
    </p>
   </div>
   <div class='ocr_carea' id='block_1_21' title="bbox 349 3931 896 4004">
    <p class='ocr_par' dir='ltr' id='par_1_21' title="bbox 349 3931 896 4004">
     <span class='ocr_line' id='line_1_35' title="bbox 349 3931 896 4004; baseline 0.002 -21"><span class='ocrx_word' id='word_1_258' title='bbox 349 3933 387 3984; x_wconf 84' lang='grc'>16.</span> <span class='ocrx_word' id='word_1_259' title='bbox 411 3932 554 3986; x_wconf 81' lang='lat' dir='ltr'>Cr&#39;llim&#39;um</span> <span class='ocrx_word' id='word_1_260' title='bbox 574 3932 618 3998; x_wconf 85' lang='lat' dir='ltr'>M,</span> <span class='ocrx_word' id='word_1_261' title='bbox 639 3933 759 3986; x_wconf 77' lang='lat' dir='ltr'>Cilnium</span> <span class='ocrx_word' id='word_1_262' title='bbox 776 3931 896 4004; x_wconf 70' lang='lat' dir='ltr'>lilpaiut.</span> 
     </span>
    </p>
   </div>
   <div class='ocr_carea' id='block_1_22' title="bbox 0 0 1474 4726">
    <p class='ocr_par' dir='ltr' id='par_1_22' title="bbox 0 0 1474 4726">
     <span class='ocr_line' id='line_1_36' title="bbox 0 0 1474 4726; baseline 0 0"><span class='ocrx_word' id='word_1_263' title='bbox 0 0 1474 4726; x_wconf 95' lang='lat' dir='ltr'> </span> 
     </span>
    </p>
   </div>
  </div>
 </body>
</html>
