2826 4730
1041 300 1050 334 l
1067 327 1069 337 ,

219 329 277 392 tes
544 377 548 382 .
578 357 581 365 f
654 295 879 397 nuntium

65 534 92 588 (ι
109 501 346 593 c.·i3.)trecdum
367 515 504 599 sepulto,
531 517 647 582 curiam
675 517 826 597 ingressus
855 526 910 598 est.
954 514 1158 597 Consulesque
1184 509 1277 580 sedc'
1339 559 1342 572 ι
1380 539 1381 545 “

15 681 32 711 ,
162 675 165 680 .
211 625 330 708 vulgari
352 646 408 708 per
429 613 561 707 speeiem
578 628 743 686 maestitiae
764 623 902 686 sedentes
919 623 1043 684 honoris
1064 624 1183 708 locique
1199 628 1267 688 ad-‘

15 765 16 770 κ
110 809 111 812 ¹
208 734 349 811 inonuit3
372 742 404 793 et
426 731 554 794 effiisum
573 733 605 790 in
628 729 768 792 lacrimas
789 739 929 792 senatum
957 734 1039 794 victo
1069 735 1186 816 gemitu
1211 739 1252 796 si·

108 894 110 902 ,
207 835 275 904 und
296 841 436 898 oratione
456 841 600 900 continua
622 839 728 900 erexit.
779 837 846 898 Non
875 841 997 921 quidem
1026 842 1083 903 sibi
1111 843 1251 925 ignarum

70 930 72 932 ¹
124 954 127 960 '
166 1030 172 1037 .
207 967 292 1030 posse
311 948 417 1029 argui,
442 946 525 1028 quod
543 956 608 1006 tem
629 925 867 1009 recenti'dolore
888 949 1015 1014 subierit
1036 949 1141 1010 oculos
1161 941 1286 1012 sena-5

207 1067 281 1116 tusz
307 1053 356 1114 vix
376 1057 619 1141 propinquorum
640 1055 773 1138 alloquia
795 1053 940 1135 tolerari,
964 1058 1012 1118 vix
1034 1057 1114 1118 diem
1135 1059 1251 1140 adspici
1327 1119 1328 1122 ,

209 1165 392 1248 aplerisque
407 1162 589 1248 lugentium.
613 1167 720 1248 Neque
731 1162 800 1228 illds
813 1166 1030 1229 imbecillitatis
1046 1153 1249 1227 damnandos:
1340 1159 1341 1167 ¹

201 1274 238 1336 'se
259 1285 359 1335 tamen
380 1275 506 1336 fortiora
526 1274 632 1336 solatia
653 1295 670 1336 e
688 1262 846 1358 complexu
872 1278 917 1336 rei
937 1273 1079 1356 publicae
1099 1277 1249 1356 petivisse.

157 1451 159 1458 s
206 1383 430 1465 Miseratusque
449 1384 606 1466 Augustae
627 1393 795 1444 extremam
816 1394 983 1459 senectam,
1015 1381 1123 1442 rudem
1144 1383 1248 1444 adlrue

97 1563 98 1566 Ἴ
206 1500 352 1574 nepotum
373 1502 404 1552 et
430 1491 609 1574 vergentem
628 1501 757 1552 aetatem
771 1512 870 1570 suam,
892 1500 929 1552 ut
948 1491 1125 1552 Germanici
1145 1491 1247 1572 liberi,
1271 1523 1303 1560 10
1322 1552 1324 1556 ,

191 1577 294 1658 'unica
315 1602 518 1680 praesentium
540 1585 691 1678 malorum
720 1597 907 1678 levamenta,
942 1599 1159 1672 inducerentur
1193 1623 1249 1684 pe·
1264 1624 1287 1686 ,i

203 1708 282 1768 tivit.
323 1707 445 1790 Egressi
466 1706 750 1768 consulesfirmatos
774 1683 908 1788 alloquio
928 1705 1174 1769 adulescentulos
1197 1709 1248 1770 de·

205 1808 373 1899 ductosque
395 1828 465 1878 ante
490 1817 653 1878 Caesarem
674 1825 824 1881 statuunt.
848 1815 967 1892 Quibus
988 1816 1142 1896 apprensis
1158 1837 1247 1897 „pn-

207 1935 270 1986 tres
295 1928 469 2008 conscripti,
479 1926 553 1988 bos’'
574 1927 677 2010 inquit
692 1926 840 2008 „orbatos
852 1933 978 2008 parente
995 1921 1111 1983 tradidi
1133 1907 1250 2006 patruo

203 2037 365 2118 ipsorum,
387 2045 588 2118 precatusque
609 2053 697 2107 sum,
725 2053 906 2114 quanquam
934 2039 1012 2091 esset
1043 2027 1087 2090 illi
1118 2033 1246 2114 propria
1268 2048 1302 2112 ,5

203 2143 343 2226 suboles,
367 2165 407 2206 ne
427 2167 514 2207 secus
534 2167 626 2229 quam
646 2163 734 2204 suum
756 2141 933 2222 sanguinem
959 2137 1076 2200 foveret
1100 2161 1136 2202 ae
1155 2136 1254 2202 tulle-¹

94 2242 96 2248 ’
204 2261 253 2312 ret
273 2253 390 2335 sibique
409 2263 439 2313 et
460 2253 592 2336 posteris
614 2246 831 2314 conformaret.
871 2247 987 2330 Erepto
1006 2247 1111 2309 Druso
1141 2269 1247 2330 preces

204 2361 245 2422 ad
265 2371 511 2442 vos'converto,
535 2359 643 2442 disque
662 2370 693 2422 et
725 2360 826 2441 patria
854 2379 960 2420 coram
987 2343 1144 2433 obtestor,
1175 2355 1247 2418 Au·

205 2459 285 2552 gusti
305 2449 503 2554 pronepotes,
525 2469 700 2530 clarissimis
732 2465 901 2529 maioribus
930 2469 1068 2552 genitos,
1100 2464 1245 2546 suscipite

201 2559 474 2660 regite,'vestram
497 2598 657 2660 meamque
677 2579 776 2639 vicem
792 2576 919 2658 explete.
967 2577 1009 2638 Hi
1032 2566 1139 2654 vobis,
1162 2576 1246 2638 Nero
1264 2605 1302 2644 20

202 2695 233 2744 et
253 2686 375 2762 Druse,
398 2695 559 2767 parentum
582 2684 660 2746 loeo.
703 2682 749 2742 lte
769 2687 833 2743 nati
852 2687 942 2766 estis,
974 2696 1010 2745 ut
1042 2685 1124 2746 bona
1145 2683 1244 2746 mala-

119 2777 123 2783 *
176 2809 261 2872 ‘que
280 2803 382 2852 vestra
404 2772 448 2852 ad
461 2811 529 2852 rent
543 2790 697 2872 publicam
718 2791 930 2871 pertineant.“
972 2794 1086 2876 Magno
1107 2813 1142 2854 ea
1167 2790 1242 2854 lletu
1275 2801 1299 2880 9

200 2911 231 2962 et
250 2923 319 2962 mox
341 2895 573 2984 precationibus
592 2899 699 2960 faustis
720 2899 844 2979 audita3
865 2923 900 2962 ac
928 2901 954 2961 si
975 2901 1102 2988 modum
1124 2902 1243 2962 oratio·

199 3011 234 3070 ni
256 3000 421 3092 posuisset,
441 2991 653 3070 misericordia
672 3008 719 3068 sni
733 3007 892 3090 gloriaque
911 3009 1030 3070 animos
1050 3009 1242 3074 audientium

175 3106 399 3199 impleverat:
422 3115 462 3177 ad
482 3135 561 3176 vana
580 3125 612 3176 et
632 3117 743 3198 totiens
790 3115 1074 3194 irrisa91·evolutus,
1099 3111 1138 3178 de
1166 3117 1238 3178 red-
1260 3125 1300 3190 25

142 3263 144 3272 κ
198 3225 297 3288 denda
319 3247 352 3288 re
375 3220 518 3308 publica,
541 3233 636 3306 utque
655 3223 794 3284 eonsules
819 3245 872 3285 seu
904 3225 972 3308 quis
1000 3223 1077 3285 alius
1105 3227 1239 3308 reginnm

162 3407 164 3412 Ι
197 3335 400 3416 susciperent,
424 3353 497 3392 vero
513 3351 635 3414 quoque
656 3341 687 3392 et
706 3330 836 3392 honesto
856 3331 949 3393 fidem
979 3331 1122 3414 dempsit.
1136 3336 1143 3350 ²
1172 3337 1240 3410 Me-

197 3443 311 3502 moriae
330 3441 429 3515 Drusi
458 3438 566 3500 eadem
586 3459 666 3521 quae
692 3439 726 3500 in
756 3441 975 3502 Germanicum
1003 3439 1238 3522 decernuntur,

197 3550 349 3632 plerisque
372 3547 512 3628 additis,
532 3559 567 3609 ut
587 3548 686 3612 ferme
706 3560 789 3612 amat
812 3551 962 3632 posterior
987 3531 1136 3616 adulatio.
1176 3550 1236 3612 Fu·

196 3681 256 3720 nus
287 3655 456 3738 imaginum
485 3676 599 3739 pompa
626 3655 757 3736 maxime
788 3653 907 3717 illustre
937 3657 1019 3737 fuit,
1052 3678 1121 3718 cum
1149 3658 1237 3741 origo
1251 3669 1290 3740 50

198 3765 293 3830 Iuliae
314 3763 411 3846 gentis
429 3761 573 3845 Aeneas,
593 3784 761 3846 omnesque
780 3762 975 3826 Albanorum
996 3758 1096 3848 reges,
1119 3776 1150 3828 et
1169 3787 1237 3860 con·

203 3906 472 3923 *vav-*U*-

253 3982 308 4036 ·ι6.
327 3998 360 4036 ac
380 3981 501 4057 tolleret}
526 3944 670 4040 attolleret
684 3983 727 4053 M,
742 3985 860 4038 correxit
879 3943 1041 4043 beroaldus,
1134 3979 1136 3984 ’
