2862 4730
213 265 252 332 to
425 293 430 298 .
617 257 830 326 lunatum

28 467 30 471 '
52 443 131 516 ’(10·
145 443 195 516 Ι4·)
214 447 298 532 Opes
316 440 460 530 publicae
483 443 740 518 continebantur,
774 451 924 526 quantum
947 441 1060 506 civium
1080 447 1248 510 sociorum.

212 577 273 640 que
293 550 325 616 ln
351 553 464 630 armis,
503 561 580 636 quot
608 551 715 614 classes
737 573 831 636 regna
853 552 1034 633 provinciae
1057 553 1173 617 tributa
1195 567 1249 640 aut

171 713 174 719 i
212 661 391 744 vectigalia,
415 671 444 722 et
465 638 655 722 necessitates
674 681 709 720 ac
727 657 912 740 largitiones.
957 659 1045 737 Quae
1065 675 1175 726 cuncta
1196 686 1250 726 sua

212 791 306 830 manu
327 768 545 851 perscripserat
566 767 748 850 Augustus,
780 763 998 847 addideratque
1019 768 1182 831 consilium
1204 793 1250 832 co·
1319 791 1324 802 ¹

210 875 342 939 arcendi
360 877 441 936 intra
460 875 608 937 terminos
628 873 775 956 imperii,
803 875 951 935 incertum
974 885 1057 938 metu
1078 897 1117 938 an
1137 899 1195 960 per
1208 877 1287 941 in-5

212 986 336 1050 sidiam.
392 984 480 1044 inter
506 1004 585 1066 quae
612 993 719 1043 senatu
740 980 777 1081 ad
799 981 916 1044 infimas
934 983 1154 1046 obtestationes
1175 971 1306 1068 pro-12

213 1094 393 1166 cumberto,
415 1091 490 1154 dixit
513 1089 594 1150 forte
617 1088 763 1149 Tiberius
777 1110 827 1164 se,
851 1103 966 1152 utnon
988 1093 1044 1152 toti
1055 1094 1253 1176 reipublicae

211 1221 333 1282 parem,
356 1199 400 1260 ita
423 1217 623 1281 quaecunque
644 1215 713 1278 pars
728 1195 790 1256 sibi
813 1197 1028 1278 mandaretur,
1049 1201 1114 1261 eius
1123 1201 1253 1262 tutelam

118 1299 121 1308 λ
211 1297 438 1390 suscepturum.
478 1305 560 1366 Tum
590 1291 716 1365 Asinius
735 1303 860 1383 Gallus,
884 1302 1106 1390 „interrogo’',
1143 1311 1253 1392 inquit,

213 1391 374 1500 „Caesam
395 1435 487 1496 quam
519 1420 638 1496 partem
661 1413 705 1472 rei
727 1411 868 1494 publicae
889 1413 1025 1476 mandari
1059 1415 1116 1476 tibi
1149 1418 1300 1482 velis'¹.1o

216 1517 386 1583 Perculsus
404 1520 571 1606 improvisa
591 1519 828 1600 interrogatione
857 1519 983 1602 paulum
1013 1523 1149 1583 reticuit:
1181 1525 1270 1590 dein.
1316 1603 1320 1612 Ι
1416 1593 1417 1600 ¹

175 1705 177 1710 Ι
211 1629 339 1692 collecto
357 1629 459 1691 animo
481 1627 653 1714 respondit:
690 1645 880 1708 nequaquam
901 1627 1047 1690 decorum
1067 1629 1178 1712 pudori
1196 1653 1253 1694 suo

211 1735 313 1821 legere
337 1737 452 1823 aliquid
473 1747 526 1799 aut
546 1737 663 1798 evitare
690 1755 725 1795 ex
745 1755 806 1810 eo,
841 1741 890 1797 eni
913 1739 943 1798 in
965 1739 1140 1800 universum
1161 1759 1252 1800 excu-

211 1847 272 1909 sari
303 1846 420 1928 mallet.
473 1846 606 1908 Ruisum
633 1839 741 1902 Gallus
772 1846 901 1922 (etenim
929 1843 1018 1906 vultu
1054 1843 1253 1912 offensionem

212 1955 447 2032 coniectaverat)
471 1975 532 2014 non
550 1952 663 2012 iccirco
681 1953 902 2030 interrogatum
933 1953 1002 2027 ait,
1038 1963 1075 2012 ut
1103 1951 1252 2014 divideret
1265 1953 1312 2030 15,

214 2081 296 2142 quac
320 2061 454 2142 separari
475 2060 664 2142 nequirent,
698 2058 750 2119 sed
770 2067 805 2116 nt
823 2075 877 2118 sna
889 2057 1087 2119 *consessione
1110 2081 1255 2142 arguere·

216 2178 268 2228 tur
287 2189 384 2227 unum
407 2187 471 2230 esse
490 2169 534 2229 rei
555 2165 696 2251 publicae
717 2181 827 2246 corpus
848 2173 939 2246 atque
960 2165 1050 2226 nnius
1081 2162 1183 2227 animo
1203 2187 1255 2228 re·

135 2287 139 2292 '
191 2270 362 2356 gendum.
409 2274 548 2336 Addidit
579 2273 699 2336 laudem
719 2273 758 2332 de
780 2273 941 2355 Augusto,
972 2275 1190 2358 Tiberiumque
1209 2277 1254 2358 ip·

205 2375 284 2442 *sum
306 2381 505 2445 victoriarum
524 2403 669 2461 suarum,
700 2401 838 2465 quaeque
869 2384 901 2442 in
922 2396 993 2466 toga
1015 2406 1070 2467 per
1091 2394 1137 2445 tot
1158 2405 1256 2448 annos

119 2481 154 2538 Ε
215 2490 338 2570 egregie
359 2471 495 2566 lecisset,
528 2489 701 2550 admonuit.
758 2489 822 2550 Nec
850 2491 919 2552 ideo
949 2493 1027 2552 iram
1046 2492 1110 2552 eius
1132 2491 1253 2573 lenivit,
1263 2503 1302 2548 ao

216 2595 338 2676 pridem
358 2596 494 2674 invisus,
526 2597 786 2678 tanquam'ducta
806 2602 838 2656 in
858 2599 1086 2660 matrimonium
1110 2601 1257 2682 Vipsania
1289 2607 1294 2618 '

216 2705 315 2764 Marci
342 2702 498 2787 Agrippae
524 2701 605 2780 filia,
636 2723 714 2785 quae
733 2705 889 2785 quondam
911 2705 1027 2767 Tiberii
1046 2729 1121 2770 uxor
1144 2709 1253 2780 luerat,

131 2813 137 2828 '
206 2811 284 2894 plus
296 2831 388 2893 quam
399 2811 500 2872 civilia
513 2813 655 2892 agitaret,
681 2809 890 2900 Pollionisque
900 2816 995 2876 Asinii
1004 2819 1098 2897 patris
1108 2816 1252 2881 ferociam

217 2924 373 2984 retineret.
416 2921 491 2980 Post
510 2939 588 3000 quae
612 2917 726 2979 Lucius
746 2920 915 2983 Arruntius
936 2923 1018 2984 haud
1044 2925 1176 2986 multum
1195 2922 1310 3000 dis13

217 3051 345 3111 crepans
371 3047 387 3086 a
409 3023 489 3087 Galli
508 3023 645 3086 oratione
665 3028 789 3108 perinde
808 3029 951 3109 offendit,
969 3054 1142 3118 quanquam
1157 3033 1301 3102 Tibe-25

225 3181 497 3198 mon-*-

289 3239 328 3291 13.
348 3237 393 3290 cut
412 3238 443 3288 in
461 3237 616 3290 universum
634 3239 765 3290 excusari
785 3238 897 3301 mallet,
925 3240 953 3295 h.
978 3258 1000 3293 e.
1030 3259 1045 3292 a
1065 3260 1120 3311 quo
1138 3245 1252 3312 prolatis

215 3327 438 3386 excusationibus
458 3330 572 3384 liberari
593 3331 692 3384 mallet.
730 3331 847 3384 Sationis
866 3337 964 3386 aetatis
988 3335 1195 3400 iurisconsulti,
1223 3347 1254 3390 ut

216 3430 348 3498 Ulpianus
368 3433 397 3480 et
414 3428 544 3489 Paullus,
563 3425 686 3478 ablativo
704 3427 749 3477 vel
767 3429 971 3498 praepositione
989 3436 1004 3480 Ξ
1021 3429 1056 3480 ad
1075 3430 1148 3482 idem
1167 3431 1254 3500 signi·

217 3521 352 3574 licendum
374 3515 505 3576 utuntur:
535 3521 661 3573 'l'acitino
683 3537 759 3572 more
778 3537 858 3574 nemo
878 3521 952 3594 qnod
970 3524 1052 3576 seiam
1072 3526 1179 3579 locutus
1203 3535 1253 3580 est.

290 3621 329 3671 16.
350 3615 391 3688 ut]
412 3630 438 3670 et
460 3617 503 3683 M;
525 3617 643 3670 correxit
660 3617 776 3686 Lipsius.

288 3729 330 3765 at.
352 3713 491 3780 vipatosu'o
513 3713 549 3765 Μ.
765 3761 767 3768 ,

285 3807 327 3859 23.
342 3807 465 3878 potionis
483 3805 520 3858 bl:
542 3806 735 3877 Pollionisque
753 3803 909 3856 beroaldus.
954 3809 956 3814 '

286 3902 329 3956 25.
348 3920 430 3976 quam
448 3902 490 3953 M:
510 3918 670 3973 quanquam
689 3899 772 3951 idem.
