2900 4706
454 264 528 332 LlB.
550 270 637 332 XIV.
683 267 768 334 CAP.
793 271 923 336 62-65.
1079 285 1098 322 ·‘
1135 268 1194 334 llo

165 452 241 534 tiens
267 461 367 528 grates
389 449 450 510 deis
470 460 570 525 actas,
592 470 728 530 quaeque
757 469 860 510 rerum
889 449 1085 512 secundarum
1115 443 1342 522 climacum)
1419 479 1421 489 i

163 567 227 616 tum
248 555 383 638 publicae
404 555 497 617 eladis
525 557 650 638 insignia
686 556 785 617 luisse.
829 557 931 636 Neque
959 569 1059 617 tamen
1088 555 1188 616 silebl-

164 683 250 737 mus,
272 665 296 722 si
322 663 403 744 quod
431 674 551 724 senatus
583 646 753 726 consultum
781 666 953 726 adulatione
982 683 1096 724 novum
1136 675 1189 723 aut

162 769 304 848 patientia
325 780 511 850 postremum
533 771 598 832 fuit.

107 857 161 936 65
245 879 361 940 Eodem
382 902 461 940 anno
483 879 662 940 libertorum
685 881 853 962 potissimos
872 901 990 942 veneno
1009 879 1191 940 interfecisse

163 985 297 1048 creditus
319 997 381 1061 est,
404 986 640 1068 Doryphorum,
661 986 746 1067 quasi
767 969 960 1046 adverstitum
982 987 1094 1066 nuptiis
1108 989 1192 1068 Pop-

164 1115 265 1174 paeae,
288 1093 469 1164 Pallantem,
491 1095 571 1177 quod
593 1095 948 1175 immensamspecuniam
968 1093 1057 1178 longa
1075 1106 1194 1154 senecta

165 1201 325 1262 detineret.
369 1201 520 1264 Romanus
546 1203 671 1264 secretis
707 1204 969 1264 criminationibus
1000 1202 1196 1264 incusaverat

166 1307 309 1370 Senecam
330 1318 366 1370 ut
393 1311 451 1372 Gai
481 1311 598 1372 Pisonis
626 1312 764 1386 socium;
791 1311 843 1372 sed
866 1310 997 1372 validius
1029 1334 1046 1370 a
1080 1311 1194 1374 Seneca

112 1427 146 1466 10
166 1418 272 1478 eodem
289 1411 414 1484 erimine
437 1419 593 1498 perculsus
614 1429 667 1478 est.
696 1417 803 1478 'Unde
821 1417 925 1478 Pisoni
952 1420 1057 1489 timor,
1079 1427 1108 1478 et
1129 1429 1195 1479 orta

32 1545 38 1558 ·
97 1590 99 1596 ,
167 1523 346 1588 insidiarum
367 1527 398 1588 iu
420 1526 574 1588 Neronem
592 1546 700 1608 magna
722 1524 834 1602 moles,
856 1523 908 1586 sed
927 1520 1147 1605 improspera·⁸
1183 1537 1196 1606 ’ὖ

409 1854 529 1917 arana
546 1853 737 1934 Qururus
760 1853 957 1956 eucissus.

242 2057 424 2113 Breviarium.
467 2059 612 2130 Vologeses
640 2061 798 2114 Parthorum
825 2078 872 2114 rex
900 2062 1051 2114 Armeniam
1076 2061 1198 2126 invadit,

171 2168 250 2221 quiem
271 2155 391 2208 Corbulo
409 2164 488 2208 caute
506 2165 533 2210 et
551 2166 641 2209 tamen
659 2158 767 2212 fortiter
784 2159 920 2228 repressit.
949 2157 1002 2234 Sed
1027 2159 1198 2225 Caesennius

170 2247 265 2298 Paetus
281 2249 363 2299 missu
384 2251 497 2302 Neronis
513 2268 574 2302 mox
592 2253 758 2318 supervenit,
778 2254 904 2322 proprius
917 2254 1057 2306 Armeniae
1080 2254 1198 2306 tuendae

171 2342 233 2400 dux.
270 2345 292 2394 ls
311 2347 446 2412 imperitia
469 2353 497 2397 et
510 2347 664 2398 temeritate
684 2365 740 2398 rem
760 2349 894 2416 perdidit,
914 2352 986 2420 turpi
1009 2347 1118 2401 loedere
1137 2353 1198 2400 cuni

103 2467 104 2476 η
171 2434 248 2488 hoste
266 2438 403 2507 depactus.
438 2441 560 2496 Corbulo
587 2445 612 2494 ei
631 2451 723 2496 tamen
755 2442 803 2494 sed
830 2459 889 2495 sero
913 2444 1052 2494 succurrit.
1095 2441 1199 2496 Neroni

139 2559 145 2572 ι
172 2529 229 2583 iilia
251 2549 283 2583 ex
301 2538 425 2600 Poppaea
444 2536 580 2594 nascitur,
599 2553 655 2588 nou
674 2537 771 2586 vitalis.
803 2537 894 2605 Legati
914 2537 1069 2590 Parthorum
1089 2539 1199 2588 Romaiu

172 2637 270 2675 venere
288 2643 368 2694 srrper
388 2628 513 2678 Armenia
533 2629 692 2689 retinenda,
718 2629 792 2679 irriti
820 2631 1010 2690 remittuntur,
1042 2639 1071 2682 et
1096 2630 1199 2682 bellum

173 2717 324 2770 Corbuloni
363 2722 528 2788 permissum.
564 2721 589 2770 Is
620 2721 773 2774 Armeniam
800 2725 898 2775 iterum
926 2723 1046 2783 invadit,
1071 2731 1099 2775 et
1124 2734 1200 2778 metu

174 2807 278 2858 Parthis
296 2810 395 2860 iniecto
427 2809 462 2860 ad
482 2810 648 2881 colloquium
674 2818 794 2864 ventum.
837 2812 939 2866 Placuit
966 2834 1038 2870 arma
1068 2821 1150 2886 poni,
1172 2827 1202 2872 et
1281 2883 1285 2892 s

174 2903 317 2954 Tiridaten
339 2905 471 2956 'diadema
494 2912 599 2958 statuae
618 2907 733 2960 Neronis
752 2900 931 2972 submittere,
955 2928 1006 2964 uec
1032 2913 1085 2966 uisi
1104 2920 1200 2980 sponte
1225 2892 1229 2898 ⁸

176 2998 234 3048 eius
258 3014 400 3050 resumere.
437 3002 507 3053 Nero
526 3001 640 3069 Neapoli
661 3011 752 3054 cantat
778 2979 807 3056 iri
825 3005 951 3073 publico,
971 3009 1070 3060 Romae
1090 3009 1154 3060 luxu
1174 3016 1202 3062 et

176 3089 293 3145 libidine
312 3093 401 3142 omnia
421 3094 528 3161 polluit.
565 3096 624 3164 lpsa
644 3096 707 3146 urbs
726 3096 803 3148 ardet
822 3113 883 3149 casu
905 3101 959 3150 sive
977 3101 1109 3170 principis
1125 3097 1199 3164 ‹loio;

176 3184 223 3250 qui
245 3185 274 3234 iu
298 3186 386 3263 ruinis
403 3188 459 3238 eius
483 3188 620 3257 ingentem
645 3190 697 3240 sibi
716 3189 824 3242 domum
844 3195 982 3247 exstruxit.
1002 3195 1147 3247 Christiani
1166 3195 1200 3246 ab

162 3291 207 3328 *eo
226 3279 353 3346 exagitati
386 3288 412 3331 et
440 3284 545 3338 necati,
575 3282 642 3334 falec
672 3286 784 3336 crimine
806 3287 934 3338 incendii.
956 3339 958 3342 ,
984 3278 1141 3341 Coniuratio
1172 3289 1202 3341 in

176 3370 310 3424 Neronem
329 3375 397 3426 inita
416 3383 443 3426 et
461 3375 584 3438 detecta,
603 3379 690 3446 capite
713 3380 770 3430 eius
789 3381 858 3432 Gaio
879 3381 979 3433 Pisone.
1017 3381 1202 3441 Multiinter-

175 3463 240 3516 lecti
262 3469 420 3532 illustrium,
439 3471 566 3540 interque
589 3487 632 3535 eos
651 3471 762 3525 Seneca.
798 3477 1004 3529 Grates‘tameu
1024 3475 1065 3531 dir
1084 3485 1158 3530 actae
1175 3487 1202 3551 et

178 3554 251 3607 dona
272 3555 378 3612 decreta
398 3563 507 3633 templis
535 3571 564 3616 ut
589 3566 668 3618 rebus
689 3567 775 3620 lactis.

179 3717 221 3728 -ι-
228 3696 468 3742 v—--nu—l--g-„v

264 3799 288 3850 6.
310 3803 479 3864 adversarum
498 3829 629 3884 suprascr.
647 3834 706 3868 rum
721 3825 753 3866 'et
770 3836 815 3869 ros
829 3819 878 3870 Ma,

253 3911 287 3946 ιι.
307 3895 363 3971 seuq
384 3912 410 3953 et
427 3900 475 3976 Μιτ
