2826 4730
243 326 302 395 ns
530 291 555 312 ’“
668 319 889 386 auritum

32 461 36 596 ,l
88 515 114 579 (ι
135 513 226 586 (tat)
241 511 367 572 militent
394 509 551 571 diductum
569 534 578 589 3
601 511 716 594 siquid
739 512 1025 593 subitum'ing'nrat
1046 513 1164 573 maiore
1195 513 1280 570 anxi·

32 603 34 616 Ι
236 619 279 681 lio
303 619 416 702 pariter
445 618 626 696 subveniri3
648 628 678 678 et
700 621 836 680 severius
859 629 997 696 acturos,
1022 617 1185 682 rivellum
1215 628 1278 678 sta·

126 787 129 814 Ι
234 741 343 791 tnatur
364 726 470 812 procul
493 728 579 788 urhis
607 727 770 790 illecebris.
821 729 868 790 Ut
898 729 1032 812 perfecta
1061 741 1133 792 cunt
1161 739 1279 804 castra,

232 819 371 918 irrepere
388 831 535 916 paulatim
554 832 701 894 militares
722 835 838 926 animos
857 836 999 900 adeundo
1015 835 1221 920 appelland03
1243 839 1279 898 si·

232 943 298 1007 mul
322 946 521 1005 centuriones
542 965 577 1003 ac
600 944 740 1006 tribunos
772 945 837 1028 ipse
872 946 1017 1029 deligere.
1060 946 1169 1028 Neque
1192 967 1278 1006 sena·
1298 936 1335 997 5v

25 1097 26 1108 η
124 1097 126 1102 -
232 1055 314 1114 torio
335 1053 451 1113 ambitu
479 1052 649 1113 abstinebat
676 1051 800 1115 clientes
834 1075 902 1116 suos
929 1053 1100 1134 honoribus
1123 1065 1177 1130 aut
1198 1046 1278 1135 ¹pro·

202 1155 206 1163 ’
233 1161 341 1222 vinciis
362 1158 519 1237 ornandi,
543 1155 621 1218 facili
643 1159 769 1220 Tiberio
790 1172 882 1244 atque
901 1163 946 1223 ita
970 1184 1070 1244 prono
1098 1173 1131 1223 ut
1162 1164 1277 1223 socium

233 1267 373 1328 laborum
394 1289 457 1331 non
477 1267 569 1330 modo
598 1267 630 1328 in
648 1269 840 1331 sermonibus
864 1269 916 1330 sed
934 1269 1018 1352 apud
1039 1281 1142 1353 patres
1170 1281 1201 1332 et
1220 1290 1277 1350 po-

231 1375 338 1460 pulum
359 1374 550 1452 celebraret,
572 1375 692 1457 colique
715 1397 770 1458 per
793 1377 911 1436 theatra
932 1387 963 1452 et
985 1377 1050 1438 lura
1071 1375 1187 1458 effigies
1213 1375 1278 1436 cius

231 1488 374 1568 interque
393 1484 542 1568 principie
566 1483 721 1566 legionum
741 1487 863 1556 sineret.
908 1488 1052 1548 Ceterum
1082 1483 1174 1567 plena
1200 1481 1305 1558 Caess

227 1617 334 1658 aarum
355 1587 483 1674 domus,
505 1595 622 1655 iuvenis
641 1595 742 1674 filius,
770 1608 894 1681 nepotes
927 1583 1041 1670 edulti,
1074 1608 1275 1656 moram¹cu-
1311 1643 1313 1648 .
1401 1665 1403 1684 4

229 1701 301 1784 pitis
322 1698 516 1778 afferebant3
538 1709 570 1758 et
588 1701 661 1780 quia
682 1719 713 1757 vr
746 1707 792 1757 tot
818 1695 908 1758 simul
936 1700 1093 1780 corripere
1118 1701 1273 1777 intutum,

230 1808 320 1870 dolus
342 1807 503 1899 intervalla
533 1805 682 1868 scelerum
710 1806 864 1888 poscebat.
906 1805 1027 1866 Placuit
1048 1817 1149 1869 tamen
1170 1806 1275 1870 occul·

228 1919 291 1979 tior
314 1917 365 1978 via
380 1904 441 1996 ,let
464 1937 482 1977 a
504 1915 607 1978 Druso
637 1917 789 1996 incipere,
818 1917 850 1976 in
874 1937 966 2000 quem
992 1917 1109 1977 recenti
1133 1917 1180 1994 ira
1201 1915 1273 1976 lere
1340 1987 1342 1991 ,

229 2024 334 2089 hatur.
378 2026 458 2086 Nam
483 2018 603 2086 Drusu's
618 2025 778 2106 impatiens
798 2023 910 2086 aemuli
926 2033 963 2084 et·
982 2025 1087 2085 animo
1114 2021 1333 2085 commoti-15

228 2109 360 2194 ororto
378 2132 461 2194 sorte
483 2132 583 2214 iurgio
613 2129 788 2192 intenderat
821 2130 932 2214 Seiano
955 2152 1086 2210 manus,
1108 2141 1138 2193 et
1168 2105 1273 2194 coulra

144 2221 146 2228 Ι
194 2287 198 2314 ,
228 2241 382 2302 tendentis
401 2259 433 2302 os
457 2241 685 2312 verberaverat,
727 2239 823 2320 Igitur
840 2251 950 2300 cuncta
977 2241 1108 2302 tentanti
1141 2261 1271 2322 promp-

227 2349 380 2410 tissimum
400 2347 499 2407 visum
527 2345 566 2406 ad
591 2365 717 2405 uxorem
739 2367 803 2406 eius
823 2347 942 2408 Liviam
965 2357 1168 2426 convertere3
1194 2368 1272 2430 quae

164 2505 167 2514 ,
227 2475 319 2532 soror
352 2456 554 2532 Germanici,
585 2453 704 2513 formae
731 2453 817 2513 initio
850 2455 958 2532 aetatis
987 2454 1169 2532 indecorae,
1203 2476 1270 2515 mox

226 2559 461 2646 pulchritudine
477 2559 691 2644 praecellebat.
737 2560 846 2636 Hanc,
867 2573 901 2623 ut
921 2583 1025 2622 amore
1041 2564 1192 2641 incensus,
1213 2563 1268 2623 ad·
1289 2545 1326 2640 ,θ’

226 2669 340 2738 ulteria
374 2668 522 2752 pellexit,
566 2681 596 2728 ct
628 2679 786 2750 postquam
819 2671 911 2750 primi
942 2667 1046 2752 flagitii
1075 2669 1193 2751 potitus
1229 2673 1287 2732 est'

224 2784 336 2863 (neque
356 2781 468 2852 femina
492 2781 599 2840 omissa
621 2777 765 2859 pudicitia
795 2777 855 2839 alia
884 2779 1053 2859 abnuerit),
1077 2779 1115 2838 ad
1139 2779 1270 2860 coniugii

225 2910 332 2972 spem,
354 2888 540 2950 consortium
571 2883 659 2969 regni
681 2897 711 2946 et
733 2908 836 2947 necem
857 2887 959 2948 mariti
989 2887 1122 2972 impulit.
1167 2886 1271 2970 Atque

225 2991 300 3072 illa,
322 2994 371 3054 cui
399 2991 569 3066 avunculus
601 2993 776 3072 Augustus,
800 3013 886 3063 socer
912 2971 1080 3070 Tiberius,
1104 3015 1139 3055 cx
1167 2995 1269 3056 Druso

223 3099 322 3175 liberi,
340 3119 434 3182 seque
452 3121 488 3158 ac
504 3100 636 3160 maiores
653 3107 685 3160 et
707 3111 841 3180 posteros
856 3099 1032 3182 municipali
1052 3100 1190 3162 adultero
1203 3098 1264 3162 loe'-
1285 3099 1320 3162 25

225 3209 338 3284 dabat,
361 3217 396 3265 ut
416 3227 474 3288 pro
494 3206 628 3268 honestis
650 3217 680 3267 et
698 3207 908 3288 praesentibus
928 3206 1077 3290 ssegitIosa
1098 3223 1130 3272 ct
1150 3211 1269 3275 incerta

225 3324 418 3398 exspectaret.
461 3316 600 3376 Sumitnr
622 3298 652 3375 in
672 3315 885 3376 conscientiam
905 3317 1063 3379 Eudemus
1091 3321 1207 3382 amicus
1234 3343 1268 3383 nc

224 3423 359 3484 medicus
377 3423 498 3504 Liviae,
517 3423 615 3506 specie
647 3425 721 3482 artis
748 3422 891 3504 frequens
921 3425 1053 3488 secretis.
1102 3425 1193 3488 Pellit
1213 3429 1268 3489 do·

188 3531 193 3541 “
224 3555 275 3594 mo
298 3535 427 3594 Seianus
445 3555 569 3594 uxorem
591 3532 771 3614 Apicatam,
795 3551 829 3592 ex
848 3553 910 3614 qna
931 3542 993 3594 tres
1017 3531 1133 3596 liberos
1154 3557 1266 3620 genue-

178 3843 180 3848 ν
222 3813 349 3868 hortibus
369 3818 397 3864 ct
414 3813 443 3864 in
462 3819 565 3864 ceteros
586 3815 675 3860 metus
697 3809 750 3861 iam
768 3812 955 3876 nonadeerat,
973 3829 1063 3883 neque
1084 3813 1153 3867 hacc
1171 3819 1264 3870 creari

220 3910 269 3962 aed
288 3923 410 3963 cresccre
430 3907 546 3962 Seianus
566 3905 785 3973 concupiscebat.
815 3907 1001 3964 -Crederctur
1031 3910 1147 3964 forsitan
1173 3920 1262 3964 ortum

221 4005 257 4055 sit
275 4017 309 4053 ex
326 4007 455 4071 corrupto
475 3994 506 4054 rc
524 4000 596 4050 male
617 4009 739 4056 correcto
762 4015 939 4068 crescerem
959 4005 984 4058 h,
1006 4022 1030 4064 c.
1052 4018 1228 4063 cresccretur.
