2900 4724
248 284 309 348 dli
668 287 879 380 lxxtttttst

100 483 128 526 ra
145 462 354 543 C.55.)Neque
375 463 588 542 penitentiam
610 463 662 522 filu
683 475 739 524 ant
754 465 921 524 satietatem
952 467 1108 546 φρει-ἰὼ
1138 476 1270 546 quanto-
1351 515 1356 520 .

244 589 304 648 qne
324 569 460 628 foediora
473 569 684 650 exprobrabat,
705 575 809 630 aerius
821 571 996 648 accendere,
1017 573 1115 631 donec
1133 572 1163 628 ri
1184 592 1267 628 amr»-

243 675 285 732 ris
306 676 446 736 subactus
466 688 590 736 exueret
606 677 785 757 obsequium
804 679 836 735 in
863 689 991 737 matrem
1019 697 1111 762 seque
1138 677 1270 734 Senecae

244 784 449 861 pennitteret,
472 807 506 843 es
526 785 612 843 cuius
631 784 827 844 familiaribus
855 789 996 844 Annaeus
1014 785 1147 844 Serenus
1176 783 1269 840 simu·

244 885 357 944 latione
385 887 498 946 amoris
517 890 663 950 adversus
683 889 811 949 eandem
844 890 986 950 libertam
1026 894 1139 970 primas
1164 886 1311 958 adole-5

243 997 350 1054 secutis
370 997 526 1076 cupidines
546 998 711 1072 velaverat,
732 997 971 1078 praebueratque
988 1017 1096 1055 nomen
1109 1003 1174 1067 ,·ut
1193 1013 1270 1074 qnae

244 1103 385 1181 prinecps
405 1095 508 1161 furtim
530 1104 727 1164 mulierculae
745 1105 921 1180 tribuebat,
942 1102 995 1162 ille
1014 1100 1117 1183 palam
1147 1099 1270 1180 largire·

244 1219 309 1268 tor.
351 1210 431 1270 Tum
464 1211 627 1292 Agrippina
652 1214 746 1271 versis
775 1215 893 1272 artibus
919 1233 977 1292 per
999 1209 1203 1270 blandimenta
1223 1209 1269 1264 iu-

246 1337 352 1374 venem
378 1316 529 1398 adgredi,
551 1341 641 1378 snum
657 1319 757 1398 potius
780 1320 951 1378 cubiculum
970 1339 1006 1376 ac
1035 1317 1135 1376 sinum
1162 1313 1271 1373 offerre

245 1426 452 1506 contegendis,
472 1449 551 1507 quae
576 1430 672 1508 prima
699 1439 780 1487 aetas
797 1440 828 1487 et
862 1448 978 1488 summa
1000 1428 1122 1486 tortum
1152 1435 1270 1504 expete-
1297 1453 1338 1490 ro

244 1543 323 1598 rent.
364 1534 447 1610 Quin
471 1544 504 1594 et
523 1536 673 1595 fatelmtnr
690 1539 928 1616 intempestivam
945 1515 1147 1604 severitatem,
1169 1542 1200 1590 et
1220 1551 1271 1588 su-

246 1661 331 1699 arum
352 1661 560 1721 op1:m,quae
582 1642 663 1700 baud
682 1643 790 1722 procul
818 1643 1018 1723 imperatoriis
1045 1640 1188 1708 aberant,
1221 1659 1273 1695 cu·

247 1749 310 1829 pias
331 1747 488 1817 tradebat,
512 1751 659 1807 utnimia
687 1769 782 1828 nuper
800 1747 965 1806 coemendo
984 1746 1068 1817 lilio,
1091 1745 1131 1802 ita
1152 1763 1273 1802 rursum

247 1853 486 1933 intemperanter
506 1853 644 1918 demissa.
687 1855 773 1927 Quae
797 1855 924 1911 mutatio
945 1871 1041 1932 neque
1060 1849 1210 1912 Neronem
1231 1849 1274 1906 se-

208 1971 216 1990 ·
246 1956 343 2035 tellit,
363 1971 394 2018 et
414 1960 541 2038 proximi
563 1961 726 2018 amicornm
751 1958 941 2032 metuebant,
960 1957 1149 2038 orabantque
1167 1978 1275 2016 cavere
1302 1962 1356 2045 ις,

248 2065 374 2126 iusidias
403 2065 536 2124 mulieris
563 2086 684 2145 semper
705 2068 838 2138 atrocis,
871 2079 936 2124 tum
976 2078 1006 2126 et
1033 2065 1133 2124 falsae.
1185 2063 1279 2122 Forte

247 2171 308 2232 illis
334 2173 440 2232 diebus
459 2171 568 2230 Caesar
587 2151 722 2251 inspecto
742 2181 875 2248 ornatu,
895 2170 958 2252 qno
981 2174 1154 2253 principum
1176 2174 1279 2230 cuniu-

248 2301 298 2360 ges
318 2301 353 2338 ac
372 2288 511 2366 parentes
532 2276 706 2336 effulserant
723 2322 733 2353 ,
753 2277 857 2358 defigit
875 2292 986 2338 vestem
1008 2289 1039 2338 et
1059 2299 1206 2360 gemmas,
1227 2282 1278 2336 mi·

248 2389 346 2469 sitque
367 2387 482 2448 donum
503 2388 606 2459 matri,
629 2383 713 2444 nulla
734 2389 943 2466 parcimonia,
967 2409 1036 2447 cum
1064 2389 1227 2468 praecipua
1248 2395 1278 2446 et

250 2493 350 2572 cupita
372 2491 438 2551 aliis
458 2494 543 2573 prior
566 2491 706 2582 deferret.
729 2492 810 2552 ‚sed
826 2494 995 2572 Agrippina
1017 2515 1077 2554 non
1101 2495 1147 2554 bis
1167 2495 1277 2553 instrui
1296 2527 1338 2565 20

249 2600 348 2662 cultus
367 2623 457 2678 suos,
479 2601 533 2663 sed
553 2603 660 2662 ceteris
681 2605 777 2662 arceri
799 2603 987 2683 proclamat,
1011 2611 1041 2661 ct
1063 2598 1197 2658 dividere
1220 2600 1279 2658 lili-

252 2730 306 2768 um
324 2730 402 2790 quae
422 2721 533 2770 cuncta
553 2731 588 2771 ex
610 2712 674 2790 ipsa
695 2709 834 2770 baberet.
876 2709 941 2769 Nec
960 2709 1084 2768 defuere
1105 2706 1157 2786 qui
1179 2707 1210 2764 in
1232 2706 1280 2764 de·

253 2817 348 2876 terius
371 2817 534 2878 referrent.
586 2817 627 2876 Et
656 2818 738 2878 Nero
759 2817 891 2876 infensus
922 2817 975 2891 iis,
1000 2813 1109 2896 quibus
1139 2814 1339 2909 superbiam

253 2924 408 2983 muliebris
439 2923 648 2994 innitebatur,
683 2924 822 2983 demovet
853 2923 1019 2982 Pallantem
1051 2941 1124 2980 cura
1154 2939 1279 2995 renim,

253 3033 320 3110 quis
334 3053 351 3088 a
366 3029 496 3089 Claudio
515 3031 673 3109 impositus
694 3031 775 3088 velut
796 3030 944 3090 arbitrum
967 3029 1048 3108 regni
1070 3027 1189 3108 agebat,
1210 3030 1282 3088 fere·
1299 3050 1340 3111 ,5
1379 3102 1383 3112 ,

256 3115 405 3216 baturque
416 3133 611 3215 degrediente
633 3157 669 3196 eo
690 3158 798 3218 magna
819 3136 1064 3216 prosequentium
1089 3113 1283 3196 multitudiue

256 3263 317 3302 uon
338 3240 468 3304 absurde
488 3241 594 3304 dixisse
616 3245 659 3304 ire
679 3243 847 3305 Pallantem
870 3257 902 3303 nt
923 3244 1066 3306 eiuraret.
1105 3244 1185 3306 Sane
1197 3246 1282 3326 pepi-

261 3397 312 3408 ⁸*··-
318 3400 586 3416 w--u———n-

330 3525 371 3560 ιι.
392 3508 607 3581 intempestatem
623 3515 793 3565 severitatem
812 3513 863 3565 tu.

328 3619 370 3671 27,
394 3605 436 3654 ire
453 3605 605 3661 Pallantem
621 3621 653 3658 ut
668 3607 800 3680 eiuraret]
818 3609 893 3659 Talis
911 3573 1076 3677 adquirenda
1103 3616 1143 3660 est
1168 3611 1221 3659 loci
1238 3612 1282 3658 in-

259 3697 433 3764 terpretatio,
456 3717 526 3769 quae
551 3703 666 3768 primum
690 3703 765 3754 verbi
788 3707 898 3754 aunan
916 3699 1106 3767 significationi
1126 3703 1281 3762 conveniat,

258 3795 317 3840 turn
335 3805 448 3844 acumen
467 3793 600 3862 quoddam
619 3795 730 3857 babeat,
751 3797 871 3864 denique
887 3811 936 3862 per
953 3794 1093 3864 sequentia
1114 3795 1285 3860 explanetur,

261 3901 351 3956 neque
370 3886 424 3936 alla
442 3888 676 3956 explicationem,
692 3906 763 3959 quae
783 3889 900 3958 benigno
918 3905 1030 3942 numero
1049 3892 1215 3950 afferuntur,
1230 3877 1300 3940 tri·'
