2900 4706
227 270 289 336 470
649 264 859 328 ANNALthl

81 471 96 505 a
118 453 145 508 C
159 449 194 507 st
196 458 217 528 .)
229 471 336 512 somno
350 389 502 524 indulsit,
525 457 560 510 ut
579 467 751 531 quanquam
773 453 878 508 coacta
899 463 981 506 mors
1007 443 1151 504 fortuitae
1170 443 1255 510 urai·

224 557 261 618 lis
282 569 368 623 esset.
410 557 457 618 Ne
479 555 621 618 codicillis
641 555 763 638 quidem
783 551 866 635 quod
890 551 1031 634 plerique
1045 553 1253 632 pereuntium,

223 665 374 726 Neronem
396 677 449 726 aut
460 663 642 746 Tigellinum
666 674 719 723 aut
740 683 831 744 quem
852 659 944 720 alium
964 660 1134 741 potentium
1152 658 1254 720 adula—

222 783 274 833 tus
295 783 360 834 estc
384 772 438 833 sed
464 769 580 853 flagitia*
606 771 748 852 principis
770 768 827 829 suh
860 767 1032 827 nominihus
1064 765 1253 826 exoletorum

225 879 466 962 feminarumque
483 889 515 939 et
537 879 672 938 novitate
694 879 840 958 cuiusque
859 877 957 956 stupri
984 873 1177 982 perscripsit,
1204 887 1253 935 at.
1266 865 1286 928 5

225 1007 287 1070 que
299 986 454 1068 obsignata
469 986 549 1046 misit
561 985 687 1047 Neroni.
708 983 873 1066 Fregitque
890 982 1027 1059 anulum,
1045 1003 1085 1042 ne
1104 1000 1172 1039 mor
1185 984 1270 1040 usui

225 1105 302 1155 essct
316 1093 355 1154 ad
373 1093 509 1154 facienda
527 1091 670 1174 pericula.
696 1085 869 1172 Ambigenti
876 1090 1001 1167 Neroni,
1020 1106 1152 1171 quonam
1164 1076 1315 1192 mud020

224 1203 361 1278 noctium
386 1221 510 1260 suarum
531 1199 654 1282 ingenia
675 1206 888 1276 notescerent,
909 1196 1037 1258 offertur
1059 1197 1155 1272 Silia,
1186 1217 1250 1256 ma-

141 1363 149 1374 ,
224 1309 371 1368 trimonio
386 1307 531 1368 senatoris
546 1305 628 1365 haud
644 1307 758 1387 ignota,
780 1322 810 1364 et
829 1305 888 1388 ipsi
901 1303 941 1364 ad
953 1325 1075 1366 omnem
1095 1301 1253 1362 libidinem

224 1414 335 1489 ascita,
356 1435 391 1474 ec
412 1413 559 1474 Petronio
582 1434 728 1496 perquam
748 1411 917 1476 familiaris.
956 1412 1066 1495 Agitur
1094 1415 1125 1472 in
1152 1411 1250 1474 exsili-
1275 1415 1311 1456 ¹⁰

224 1539 295 1597 um,
316 1530 461 1608 tanquam
484 1543 545 1582 non
561 1521 689 1582 siluisset
703 1543 780 1604 quae
794 1522 911 1582 viderat
930 1519 1166 1606 pertuleratque,
1182 1541 1252 1600 pm·
1442 1573 1443 1594 ,

222 1627 291 1725 prio
312 1627 392 1688 odio.
434 1629 475 1688 At
493 1629 659 1690 Minucium
680 1629 847 1688 Thermum
867 1639 1009 1710 praetura
1039 1627 1172 1688 stinctum
1197 1629 1252 1686 Ti·

1442 4593 1443 4630 ι

1442 4633 1443 4695 l

222 1731 325 1819 gellini
348 1733 550 1796 simultatibus
573 1735 705 1813 dedidit,
728 1737 799 1818 quia
820 1736 947 1798 libertus
960 1736 1083 1795 Thermi
1105 1733 1253 1814 quaedam

223 1837 263 1900 de
285 1837 437 1921 Tigellino
457 1841 618 1902 criminose
637 1841 797 1919 detulerat,
818 1862 897 1924 quae
920 1840 1103 1901 cruciatibus
1119 1847 1251 1900 tormen·

224 1957 326 2006 torum
344 1947 406 2027 ipse
419 1991 428 2024 ‚
443 1959 588 2028 patronus
601 1949 664 2010 eius
686 1971 761 2011 nece
781 1952 929 2011 immerita
951 1951 1057 2014 lueret.
1274 1947 1314 2008 15

244 2040 246 2049 ’
303 2053 474 2116 Trucidatis
498 2066 544 2118 tot
579 2054 745 2140 insignibus
774 2061 846 2120 viris
884 2057 924 2118 ad
956 2069 1140 2138 postremum
1171 2042 1310 2124 Neroffl

154 2153 157 2161 ¹
223 2164 367 2224 virtutem
396 2167 493 2244 ipsam
522 2165 697 2226 exscindere
726 2167 903 2246 concupivit
930 2165 1089 2226 interfecto
1120 2163 1256 2230 Thrasea
1287 2145 1292 2152 ⁸

223 2272 317 2332 Paeto
333 2281 362 2328 et
386 2273 482 2330 Barea
502 2273 642 2347 Sorano,
670 2272 743 2331 olim
770 2274 905 2354 utrisque
925 2273 1077 2349 infensus,
1106 2283 1139 2332 et
1168 2293 1256 2331 acce·

223 2375 366 2436 dentibus
384 2379 482 2436 causis
504 2377 536 2436 in
555 2377 748 2452 Thraseam,
778 2377 860 2458 quod
890 2390 999 2439 senatu
1022 2398 1153 2462 egressus
1183 2387 1254 2451 est,

221 2503 292 2544 cum
314 2483 352 2544 dc
374 2485 543 2567 Agrippina
563 2487 751 2563 referretur,
772 2496 806 2546 ut
829 2489 1017 2566 memoravi,
1038 2485 1181 2568 quodque
1203 2485 1252 2542 in·
1274 2507 1318 2548 ao

220 2590 374 2653 venalium
395 2593 513 2672 ludicro
541 2606 652 2675 parum
679 2592 870 2675 expetibilem
897 2615 1021 2676 operam
1054 2592 1257 2676 praebuerat,

221 2719 316 2780 eaque
334 2701 461 2760 offensio
483 2701 573 2761 altius
602 2700 802 2782 penetrabat,
833 2701 906 2782 quie
926 2701 1006 2761 idem
1038 2701 1172 2760 Thrasea
1193 2700 1257 2758 Pa-

141 2865 146 2870 ,
221 2803 321 2878 terii,
344 2807 427 2864 unde
448 2815 538 2866 ortus
559 2815 641 2882 erat,
662 2803 875 2866 ludis'ccsticis
896 2827 914 2865 a
933 2805 1067 2866 Troiano
1095 2806 1255 2866 Antenore

221 2910 364 2974 institutis
383 2911 488 2972 habitu
499 2915 613 2994 tragico
632 2915 790 2984 cecinerat.
832 2913 889 2972 Die
900 2933 1035 2996 quoque,
1055 2935 1116 2995 quo
1129 2925 1264 2996 praetor-

224 3047 506 3064 ι-ο-ι--ι-,ι--ιι--ἈΩ-ι

296 3143 334 3180 12.
352 3129 504 3182 Minucium
523 3127 657 3197 Rpclius.
674 3129 717 3179 M
744 3129 905 3182 dionisium.
942 3129 1007 3182 hlox
1018 3125 1182 3182 dediditG:
1200 3125 1254 3180 de-

223 3220 309 3274 dium
329 3221 425 3280 ᾸΒἾΜι

292 3331 333 3365 ao.
346 3314 470 3377 serretur
487 3315 536 3366 ll·-
556 3317 620 3368 htux
642 3311 812 3386 expetibilem
829 3317 866 3370 B.
884 3330 911 3370 et
928 3317 1134 3388 exspectabilem
1150 3316 1201 3371 hit.
1219 3335 1270 3360 -··

207 3410 379 3480 'expetibilis
398 3425 479 3478 opera
499 3411 658 3479 estqualem
675 3411 747 3464 Nero
764 3413 886 3482 sociique
904 3423 1027 3484 expetere
1046 3416 1102 3464 sive
1122 3424 1257 3480 exoptare

221 3509 364 3570 poterant,
381 3494 574 3573 exspectabilis
593 3503 700 3572 qualem
718 3503 879 3576 exspectare
902 3512 1045 3574 poteraut3
1073 3503 1120 3554 scd
1143 3503 1186 3554 vel
1208 3504 1255 3556 illi

222 3597 295 3648 nihil
312 3606 469 3664 exspectare
486 3606 628 3664 poterant,
646 3616 701 3669 quo
719 3599 760 3650 vir
777 3604 962 3653 sanctissimus
980 3617 1083 3652 morum
1100 3599 1253 3650 famamsnt

224 3689 438 3746 dehonestasset.
476 3691 599 3742 Ceterum
621 3709 687 3743 voce
705 3696 860 3763 expetibilis
878 3713 947 3746 unus
965 3693 1075 3745 Tacitus
1094 3691 1134 3742 uti
1152 3687 1252 3741 voluit.

180 3791 183 3796 '
283 3785 325 3836 23.
347 3785 456 3838 creticis
479 3785 659 3842 Puteolannsz
691 3791 802 3842 cetastis
833 3787 884 3844 Mt.
916 3791 986 3840 idem
1008 3789 1108 3842 Patavi
1135 3793 1162 3836 ct
1188 3797 1253 3839 tra-

223 3891 299 3928 tarro.
