2900 4706
385 317 392 332 ·
472 319 548 386 are.
577 320 893 404 rueras-7.
971 340 982 356 ·
1131 323 1193 392 419

165 481 430 587 terpretabantur,
454 516 489 568 ut
507 509 617 567 omisso
640 505 784 586 utrinque
803 502 885 566 bello
906 517 937 568 et
957 505 1086 568 abeunte
1098 503 1227 587 Volo-(a
1244 515 1345 584 mea.)

50 617 54 624 “
165 633 233 693 gese
252 613 398 694 Tigranes
419 635 541 697 quoque
565 616 707 674 Armenia
727 611 911 674 abscederet.
954 613 1020 674 Cur
1040 618 1122 676 enim
1144 635 1197 676 ex·

165 715 291 777 ercitum
311 719 480 778 Romanum
499 717 760 800 al'l'igraooeertis
778 717 964 780 deductum?
986 720 1050 780 Cur
1079 721 1198 782 deserta

165 845 221 908 per
245 830 341 888 otium
362 847 439 910 quae
460 825 773 912 belledelenderant?
794 827 842 892 Aa
864 827 970 888 melius
990 825 1198 892 hibernavisse

133 931 195 1000 siu
217 947 350 996 extrema
372 934 585 1017 Cappadocia,
610 934 722 1016 raptim
743 935 850 1000 erectis
870 934 1021 1016 tuguriis,
1053 957 1145 1017 quam
1166 937 1201 998 in
1229 997 1234 1013 χ

167 1043 236 1104 sede
259 1045 346 1125 regni
366 1043 460 1106 modo
481 1046 621 1105 retenti?
652 1043 753 1108 Dilata
774 1063 896 1125 prorsus
918 1061 1022 1122 arma,
1044 1052 1079 1102 ut
1100 1042 1220 1124 Voles·

164 1167 244 1232 geees
267 1152 351 1216 oum'
370 1148 430 1210 alio
458 1169 548 1232 quam
580 1169 650 1212 eum
671 1129 847 1218 Corbulone
875 1161 1030 1226 certaret,
1065 1148 1201 1214 Corbulo

162 1257 292 1316 meritae
312 1266 359 1316 tot
380 1277 436 1337 per
456 1234 688 1336 anuos'glortae
701 1278 763 1325 non
784 1255 867 1348 ultra
886 1257 1052 1338 periculum
1074 1259 1200 1326 laceret.

162 1363 255 1441 Nam,
280 1371 315 1423 ut
336 1361 450 1440 rettuli,
472 1365 632 1442 proprium
652 1361 767 1436 ducem
789 1361 920 1426 tuendae
951 1363 1114 1430 Armeniae
1139 1385 1207 1448 po·⁴

108 1473 144 1524 to
162 1479 318 1550 posceret,
337 1478 368 1531 et
388 1467 554 1530 adventare
575 1468 759 1532 Caesennius
771 1469 882 1533 Paetus
902 1467 1094 1537 audiebatur,
1116 1470 1198 1532 lam»

162 1595 222 1660 que
244 1577 367 1650 aderat,
391 1577 488 1658 copiis
505 1578 547 1636 ita
568 1574 695 1651 divisis,
721 1585 759 1637 ut
778 1585 887 1656 quarta
905 1586 935 1636 et
956 1574 1135 1638 duodecima
1153 1575 1199 1638 le·

163 1687 269 1767 gionet
289 1684 392 1745 addita
413 1685 533 1766 quinta,
554 1703 631 1764 quac
652 1703 754 1748 recena
769 1703 787 1746 e
804 1683 914 1746 Moesis
937 1685 1032 1746 excita
1050 1692 1127 1761 erat,
1151 1685 1194 1745 ei·

161 1791 227 1852 mol
246 1791 373 1852 Pontica
402 1801 434 1851 et
460 1790 635 1852 Galatarum
658 1786 934 1870 Cappadocumque
960 1789 1070 1852 auxilia
1100 1790 1201 1854 Paeto

160 1899 333 1959 obedirent.
365 1899 480 1958 'Tertia
502 1907 532 1956 et
560 1907 639 1964 sexta
674 1906 704 1962 et
732 1895 860 1968 decumo
893 1891 1027 1980 legiones
1055 1888 1201 1982 priorque

106 2013 143 2075 15
161 2005 269 2066 Suriae
303 2005 388 2068 miles
409 2006 491 2088 apud
513 2003 721 2072 Corbulonem
751 2013 923 2067 manerent.
966 2003 1073 2066 Cetera
1093 2029 1128 2072 ex
1148 2029 1199 2074 ra.

134 2095 137 2099 ’
159 2129 228 2173 rum
244 2133 303 2174 usu
321 2117 473 2174 sociarent
487 2114 720 2195 partirenturve.
744 2110 804 2172 Sed
824 2132 925 2192 neque
936 2111 1071 2174 Corbulo
1093 2135 1199 2178 eemu-

85 2230 89 2238 “
159 2220 180 2279 li
202 2223 319 2302 patiens
326 2261 336 2296 ,
357 2219 539 2301 ethaetua,
560 2221 610 2281 cui
634 2219 709 2286 satis
729 2216 769 2278 ad
791 2215 919 2298 gloriam
943 2229 1030 2295 erat,
1053 2221 1077 2282 si
1096 2223 1199 2306 proxi·

159 2345 225 2387 moe
246 2326 420 2399 haberetur,
441 2325 621 2408 despiciebat
642 2337 739 2407 geste,
762 2323 838 2384 nihil
860 2323 960 2388 caedis
981 2337 1034 2390 eut
1056 2328 1197 2409 praedae,
1235 2351 1238 2360 ‘

158 2445 316 2515 usurpatae
335 2435 459 2498 nomine
488 2438 593 2494 tenus*
607 2431 730 2497 urbium
760 2435 1003 2513 expugnationes
1029 2433 1196 2500 dictitans=

102 2554 141 2600 ao
161 2559 192 2600 sc
213 2539 326 2600 tributa
347 2561 384 2600 ac
404 2537 484 2620 leges
505 2550 535 2600 et
555 2560 611 2620 pro
635 2539 748 2602 umbra
768 2541 845 2620 regia
872 2541 1045 2602 Romanum
1066 2542 1113 2602 ius
1131 2521 1197 2605 vioss

104 2703 110 2718 ,
132 2637 197 2715 'Itis
229 2646 452 2726 impositurum.
482 2643 650 2708 senilem
672 2656 789 2725 tempus
810 2645 900 2727 legati
921 2641 1091 2728 Vologesis,
1117 2669 1196 2732 quos

157 2749 196 2810 ad
216 2745 384 2832 principem
404 2749 511 2810 missos
528 2751 712 2824 memoravi,
742 2761 902 2814 revertere
932 2752 1038 2832 irriti,
1067 2752 1196 2821 bellum.

157 2877 218 2939 que
239 2857 396 2940 propalam
416 2867 569 2939 sumptum
592 2878 611 2918 a
632 2856 767 2924 Parthis.
807 2858 872 2922 Nee
893 2859 1009 2934 Paetus
1043 2859 1195 2933 detrecta-

157 2962 221 3036 vit,
257 2959 311 3020 sed
333 2959 451 3020 duabus
467 2957 658 3042 legionibus,
691 2983 820 3044 quarum
851 2975 993 3046 quartem
1028 2966 1192 3036 Funisula-

99 3069 139 3132 ²5
158 3087 216 3128 nus
243 3067 448 3154 Vatdnieaus
482 3089 519 3130 ee
550 3069 582 3130 in
609 3079 771 3151 tempore,
808 3071 1019 3140 duodecimam
1049 3075 1193 3144 Calavius
1270 3096 1273 3100 “

135 3164 284 3235 'Sabinus
303 3173 469 3256 regelaant,
492 3175 672 3240 Armeniam
693 3177 809 3252 intrat,
837 3182 919 3251 tristi
947 3186 1070 3258 omine„
1110 3185 1191 3251 Nam

153 3279 395 3363 metangiotae
415 3281 601 3362 Euphratis,
623 3304 716 3366 quem
735 3297 828 3368 ponte
849 3288 1081 3368 tramittebant,
1105 3292 1190 3356 nulla

88 3376 92 3384 ’
153 3383 253 3465 palam
275 3383 377 3448 ceuee'
395 3387 535 3454 turbatus
557 3384 670 3469 eqdus,
704 3393 756 3470 qui
777 3392 947 3459 consularia
979 3399 1106 3479 iusignia
1135 3421 1187 3482 ge·

155 3491 269 3568 stabat,
291 3505 374 3558 retro
395 3496 502 3557 evasit.
544 3494 732 3578 Hostiaque,
756 3519 835 3581 quae
858 3503 1072 3568 muniebantur
1082 3506 1186 3568 biber-

96 3596 137 3660 30
156 3600 270 3662 maculis
290 3605 440 3680 erusteus,
461 3603 612 3672 semifacta
633 3627 730 3688 opero
746 3607 818 3692 fuge
835 3613 974 3694 perrupit
994 3633 1084 3698 seque
1105 3613 1185 3676 vallo

152 3853 156 3867 .
226 3824 269 3875 αὗ.
287 3825 423 3877 tristiore.
444 3832 508 3878 irem
525 3828 582 3890 bit,
603 3837 630 3880 et
650 3831 690 3883 28.
710 3831 876 3886 consiliaria
897 3847 973 3884 eraso
991 3850 1018 3886 u.

226 3933 266 3986 ²9·
284 3919 355 3971 ostia
375 3934 497 3992 quaeque
514 3940 546 3973 m.
566 3923 616 3975 Ma,
904 3909 908 3920 ’
