2826 4730
162 305 178 384 ·,
239 298 299 369 ne
644 271 889 365 ansanum

86 483 115 558 (a
127 483 155 538 G.
174 485 392 561 espaniacum
411 484 539 544 iniurias
557 503 594 543 eo
612 503 708 566 usque
731 487 912 566 corrupisse,
933 493 968 544 ut
991 503 1100 566 parcns
1117 482 1273 566 legionum

234 613 254 653 a
274 591 443 653 deterrimis
478 587 703 673 appellaretur3
736 603 840 651 contra
862 592 892 652 iu
924 594 1074 673 optimum
1103 577 1300 674 quemque(

234 700 364 764 maxime
383 700 415 758 in
448 702 573 760 comites
603 706 635 759 et
655 701 769 760 amicos
799 695 974 760 Germanici
1012 699 1162 777 saevisse3
1192 707 1276 780 post·

235 824 320 870 remo
342 809 439 888 ipsum
462 805 674 868 devotionibus
691 814 723 867 et
747 827 865 866 veneno
888 809 1070 892 peremisse3
1093 829 1178 868 sacra
1203 806 1276 868 binc

234 923 265 974 et
289 913 509 976 immolationes
531 913 676 976 nefandas
697 916 790 994 ipsids
813 925 904 997 atque
933 915 1115 992 Plancinae,
1147 916 1273 996 petitam
1294 905 1313 969 5

169 1095 181 1106 ὀ
235 999 328 1084 armis
349 1021 597 1104 rempublicam,
618 1031 716 1106 utque
737 1043 810 1084 reus
838 1023 885 1104 agi
905 1033 1029 1104 posset,
1055 1023 1121 1084 acie
1150 1024 1277 1086 victum.

235 1129 379 1190 Defensio
400 1132 433 1190 in
455 1124 563 1191 ceteris
582 1130 766 1212 trepidarit:
787 1151 858 1190 nam
880 1149 977 1211 neque
996 1129 1193 1192 ambitionem
1215 1105 1326 1197 rui-ll

234 1236 357 1298 litarem
377 1259 475 1320 neque
496 1241 693 1320 provinciam
720 1241 851 1322 pessimo
881 1239 993 1321 cuique
1022 1239 1206 1314 obnoxiam,
1236 1256 1278 1296 ne

236 1344 433 1406 contumelias
453 1345 577 1427 quidem
593 1345 753 1408 adversum
775 1347 990 1428 imperatorem
1007 1345 1130 1406 infitiari
1143 1353 1275 1427 poterat:

235 1451 333 1515 solum
355 1455 464 1514 veneni
489 1453 604 1515 crimen
625 1453 708 1516 visus
728 1466 772 1517 est
793 1455 935 1535 diluisse3
954 1453 1038 1538 quod
1059 1473 1099 1513 ne
1119 1460 1328 1515 accusato-‚to

236 1581 287 1622 res
309 1560 434 1644 quidem
455 1561 526 1621 satis
546 1560 731 1641 firmabant,
754 1563 783 1623 in
804 1563 946 1624 convivio
976 1562 1176 1638 Germanici,
1205 1581 1277 1620 cum

234 1689 326 1754 anper
349 1689 421 1730 eum
443 1667 516 1730 Piso
537 1670 764 1746 discumberet,
788 1671 914 1758 infectos
934 1671 1075 1732 manibus
1104 1670 1166 1730 eius
1192 1665 1278 1728 cibos

236 1788 406 1858 arguentes.
449 1777 571 1860 Quippe
592 1778 759 1840 absurdum
783 1777 947 1840 videbatur
974 1781 1065 1846 inter,
1085 1775 1184 1838 aliena
1212 1795 1277 1836 ser·

237 1885 311 1946 vitia
332 1895 362 1946 et
383 1893 429 1946 tot
449 1885 635 1946 adstantium
656 1889 748 1962 visu,
772 1889 841 1967 ipso
854 1939 856 1946 a
871 1887 1056 1948 Germanico
1087 1905 1215 1962 coram,
1243 1881 1276 1944 id

238 2013 356 2057 ausum.
398 1992 617 2075 offerebatque
639 1991 782 2053 familiam
804 2013 900 2070 reus,
922 2005 951 2054 et
982 1983 1334 2054 ministrabimus-15

238 2110 340 2160 menta
369 2099 538 2182 flagitabat.
599 2099 658 2159 Sed
688 2099 802 2159 iudices
834 2121 888 2180 per
925 2099 1045 2160 diversa
1073 2097 1280 2181 implacabiles

239 2217 344 2286 erant,
368 2209 480 2268 Caesar
500 2209 541 2268 ob
562 2206 676 2267 bellum
696 2207 868 2288 provinciae
890 2206 1033 2283 illatum,
1054 2219 1176 2268 senatus
1200 2229 1280 2267 nun·

238 2334 332 2398 qnam
359 2319 431 2378 satis
458 2316 591 2401 (credito
642 2317 706 2376 sine
741 2315 848 2376 fraude
881 2318 1098 2376 Germanicum
1131 2316 1280 2376 interisse.

241 2444 260 2483 a
282 2446 302 2482 s
326 2425 515 2505 scripsissent
537 2422 780 2506 expostulantes3
801 2423 894 2504 quod
905 2424 989 2484 baud
1014 2427 1114 2483 minus
1136 2423 1280 2483 Tiberine

240 2553 333 2618 (psam
353 2529 423 2594 Piso
444 2533 590 2593 abunere.
633 2529 731 2594 Simul
752 2532 858 2613 populi
880 2544 951 2592 ante
970 2523 1087 2592 curiam
1117 2551 1207 2590 voces
1227 2549 1281 2590 au·
1299 2539 1337 2584 ²0

241 2637 429 2704 diebantur:
451 2659 513 2698 non
532 2648 757 2724 temperaturos
779 2638 940 2713 manibus,
970 2640 995 2699 si
1016 2647 1137 2720 patrum
1158 2645 1280 2698 senten.

240 2751 298 2812 tias
318 2749 472 2810 evasisset.
515 2743 701 2829 Effigieeque
725 2747 844 2810 Pisonis
869 2754 1030 2808 traxerant
1059 2746 1091 2806 in
1118 2744 1283 2805 Gemonias

244 2909 544 2925 *ἡ

333 2971 360 3025 6.
377 2979 461 3040 utque
479 2985 543 3022 reus
561 2968 611 3039 agi
625 2982 725 3039 posset,
744 2967 771 3019 b'.
790 2983 813 3020 e.
832 2973 863 3020 ut
881 2966 917 3019 ad
946 2965 1089 3020 dicendam
1116 2983 1221 3019 eausam
1252 2966 1282 3016 in

241 3062 376 3118 iudicium
396 3062 496 3116 adduci
513 3072 614 3132 ponet.
651 3067 700 3138 agi
719 3063 853 3118 hocloco
876 3063 989 3132 primam
1009 3061 1283 3134 suamsignificatio-

241 3175 306 3214 nem
324 3159 434 3222 tenuit,
454 3159 684 3230 quemadmodum
703 3159 776 3228 apud
795 3159 901 3212 Livium
915 3159 1015 3223 XXIV,
1037 3158 1087 3218 25.
1109 3174 1129 3212 ι.
1168 3158 1194 3208 la
1218 3168 1285 3208 tau·

241 3273 324 3328 quam
349 3272 410 3308 reos
436 3269 550 3326 ageret,
573 3255 608 3309 ab
636 3268 766 3309 anteacta
792 3255 855 3308 vita
887 3271 985 3316 orsus,
1012 3267 1196 3326 quaecunque
1222 3262 1284 3320 post

241 3348 374 3402 Hieronis
387 3363 499 3403 mortem
516 3351 627 3407 sceleste
640 3363 725 3423 atque
737 3348 820 3418 impie
830 3348 919 3420 sacta
931 3358 1021 3400 essent
1027 3381 1038 3408 ,
1050 3341 1284 3402 Andrunodorum

241 3461 277 3500 ac
298 3443 462 3498 staminum
483 3447 576 3518 arguit
585 3447 700 3519 seciam.
735 3445 1057 3522 Germaniceoconrertaa
1075 3439 1241 3506 vorsdlrren.

331 3556 355 3606 7.
376 3539 405 3590 in
427 3541 534 3613 ceteris]
558 3542 659 3593 rariore
677 3535 811 3610 loquendi
832 3553 882 3587 usu
913 3550 1002 3588 rerum
1023 3541 1198 3604 exceptarum
1219 3549 1285 3584 cnu-

244 3634 358 3686 meratio
377 3634 565 3704 praegreditur
597 3633 637 3684 rei
665 3648 699 3684 ex
723 3633 778 3683 alio
810 3623 910 3699 genere
942 3637 1065 3697 sumptae
1091 3637 1120 3680 et
1143 3630 1284 3700 oppositae

244 3731 541 3790 commemorationem,
572 3743 643 3798 quae
673 3727 799 3796 sequitur
828 3725 927 3782 iudea
949 3725 1039 3780 verbis
1064 3727 1152 3786 colam
1181 3725 1286 3783 veneni

252 3827 355 3876 crimen
378 3827 449 3880 vitm
467 3837 508 3878 est
526 3821 651 3879 diluisse.

338 3923 362 3973 8.
383 3923 426 3972 cui
446 3920 487 3971 M:
509 3918 606 3990 cuique
626 3916 777 3969 Rhenanus.
825 3978 828 3984 ι
925 3969 928 3980 ,
