2862 4726
136 363 139 378 ·
237 334 298 404 lli
497 353 500 362 ·
651 330 875 402 anuinium

86 507 285 592 (Ma->seu
306 517 470 604 quisalius
491 537 600 605 regum
620 522 726 585 dedit:
750 541 820 586 nam
843 523 1006 606 scriptores
1035 514 1067 584 in
1097 535 1134 584 eo
1160 514 1278 585 dissed-

233 631 327 694 tiunt.
369 630 477 694 Cetera
498 649 561 692 oon
582 626 723 714 ambigua
744 645 835 712 sunt,
857 649 979 716 magnas
1012 653 1063 694 eas
1091 635 1195 714 copias
1222 647 1277 714 per

152 805 155 814 ¹
198 743 201 746 ’
235 736 439 822 planaetiam
462 759 498 801 ac
522 741 588 800 foro
615 741 789 823 propinqua
812 739 1013 820 habitavisse,
1036 731 1121 804 unde
1140 739 1277 802 Tuscum
1322 739 1334 804 i

236 849 337 910 vicum
360 867 377 908 e
398 845 547 910 vocabulo
571 847 759 908 advenarum
780 848 906 913 dictum.
1106 928 1108 934 s

317 954 386 1016 Sed
410 966 444 1016 ut
469 955 569 1016 studia
590 974 754 1039 procerum
782 968 812 1018 et
836 947 954 1040 largitio
983 956 1129 1039 principis
1162 935 1330 1023 advenssti

234 1085 304 1125 sum
325 1085 411 1126 casus
429 1058 573 1125 solatium
595 1063 750 1142 tulerant,
770 1066 813 1124 ita
835 1077 1044 1126 accusatorum
1066 1063 1208 1124 maioris
1228 1049 1277 1122 di·

235 1190 268 1232 es
289 1179 322 1232 et
343 1172 485 1232 infestior
501 1174 547 1232 vis
567 1173 633 1232 sine
652 1164 823 1232 levamento
845 1171 1051 1254 grassabatur3
1073 1172 1278 1252 corripuerat·

235 1301 296 1362 que
316 1280 432 1340 Varum
454 1278 660 1358 Quintilium,
691 1259 817 1340 divitem
850 1292 880 1340 et
900 1281 1021 1342 Caesari
1045 1281 1249 1361 propinquum
1260 1309 1275 1351 ¹,

235 1387 507 1464 Domitiusdfer,
528 1389 676 1450 Claudiae
698 1389 852 1450 Pulchrae
874 1375 978 1450 matris
1001 1391 1063 1450 eius
1092 1379 1277 1448 condemna·

234 1503 306 1574 tor,
331 1495 416 1561 nullo
441 1496 571 1558 mirante
591 1497 673 1579 quod
696 1497 750 1559 diu
774 1514 865 1580 egens
886 1509 915 1558 et
943 1508 1031 1580 partu
1045 1507 1152 1581 nuper
1184 1515 1275 1576 prae.
1294 1506 1331 1553 ro

139 1592 149 1600 ³
232 1603 297 1666 mio
317 1604 397 1665 male
419 1623 493 1665 risus
512 1603 600 1686 plura
634 1603 672 1664 ad
706 1601 817 1686 flagitia
853 1599 1086 1685 accingeretuh‘·
1129 1595 1278 1664 Publium

234 1707 425 1771 Dolabellam
447 1693 562 1770 socium
587 1709 754 1807 delationis¹
769 1711 915 1771 exstitisse
935 1707 1084 1770 miraculo
1102 1721 1183 1788 erat,
1206 1712 1278 1794 quia

234 1813 323 1878 claris
343 1815 512 1876 maioribus
533 1823 563 1875 et
583 1816 667 1877 Varo
685 1836 838 1876 connexus
858 1835 943 1875 suam
968 1817 1033 1898 ipse
1062 1815 1274 1895 nobilitatem,

233 1913 324 1986 auum
346 1925 523 2004 sanguinem
539 1923 692 2006 perditum
712 1923 787 1985 ibae
831 1923 952 1988 Restitit
978 1935 1227 1988 tamensenatus
1246 1937 1279 2011 vet

206 2031 456 2115 .opperiebdum
477 2031 689 2112 imperatorem
711 2034 849 2108 censuit,
872 2007 956 2114 quod
976 2054 1072 2096 unum
1102 2035 1275 2116 urgentium
1300 2029 1332 2094 1'5

235 2135 394 2201 malorum
415 2134 579 2218 suffugium
601 2136 632 2193 in
655 2144 775 2216 tempus
797 2146 877 2195 erat.

304 2237 359 2309 *At
375 2248 486 2307 Caesar
507 2243 655 2306 dedicatis
677 2264 729 2324 per
741 2243 937 2325 Campaniam
947 2234 1085 2328 templis,
1100 2241 1329 2328 quanquamffl

235 2353 335 2418 edicto
355 2355 538 2425 monuisset,
562 2373 601 2413 ne
625 2352 693 2434 quis
713 2355 844 2433 quietem
877 2352 941 2412 eius
970 2345 1184 2436 irrumperet,
1202 2375 1278 2416 oon-

234 2482 400 2545 cursusque
421 2459 643 2542 oppidanorum
657 2457 800 2539 disposito
823 2456 922 2518 milite
945 2459 1195 2540 prohiberentur,
1208 2479 1278 2541 per·

232 2591 305 2632 onus
334 2581 436 2632 tamen
467 2568 630 2650 municipia
654 2577 684 2628 et
702 2565 836 2628 colonias
856 2566 1021 2650 omniaque
1047 2569 1094 2627 in·
1110 2569 1280 2630 continenti
1297 2591 1331 2632 ao

233 2682 312 2757 sita,
336 2679 466 2761 Capreas
497 2697 530 2738 se
550 2678 580 2736 in
602 2674 734 2737 insulam
753 2674 887 2752 abdidit,
921 2676 1014 2762 trium
1048 2673 1167 2736 milium
1202 2677 1278 2738 theto

234 2785 274 2846 ab
297 2785 440 2846 extremis
461 2783 632 2844 Surrentini
654 2781 853 2863 promontorii
873 2779 1050 2845 diiunctam.
1073 2781 1278 2844 Solitudinem

235 2891 300 2954 eius
321 2883 467 2974 placuisse
492 2891 620 2952 maii'me
641 2889 848 2962 crediderim,
880 2889 1025 2969 quoniam
1056 2889 1278 2972 importuosum

234 3001 317 3061 circa
339 3021 438 3074 mare,
461 3009 491 3060 et
511 2999 561 3058 vix
583 2998 709 3059 modicis
732 2997 861 3080 navigiis
882 3015 978 3078 pauca
998 2995 1152 3075 subsidia3
1177 3020 1275 3081 neque

33 3126 35 3139 ¹
140 3139 141 3144 ¹
235 3107 390 3191 appulerit
422 3110 583 3192 quisquam
614 3106 673 3166 nisi
705 3127 800 3188 gnaro
828 3103 960 3164 custode.
1002 3103 1085 3166 Caeli
1117 3107 1276 3188 temperies
1295 3103 1329 3170 25

235 3219 336 3280 hieme
356 3217 451 3296 uritis,
468 3217 591 3278 obiectu
611 3215 723 3276 montis
744 3235 806 3298 quo
825 3233 914 3273 saeva
935 3225 1101 3274 ventorum
1119 3227 1274 3319 arcentur,

235 3387 522 3406 *b-——a—-u-

321 3515 346 3568 6.
365 3513 485 3566 telerant
503 3512 539 3564 M.
558 3517 586 3562 et
609 3511 648 3567 13.
667 3509 803 3563 corn'xius.

306 3627 350 3662 aa.
366 3608 547 3680 promunn'rii
563 3607 599 3658 tt.
620 3605 693 3657 iufra
709 3603 762 3667 Vl,
780 3604 822 3656 50.
849 3599 1093 3674 promunturium,
1111 3608 1140 3653 et
1157 3598 1276 3668 XIV&

235 3705 291 3764 XV.
312 3705 345 3775 45
370 3705 596 3777 promuntorium.
1060 3775 1063 3784 .

307 3804 348 3854 25.
369 3803 425 3852 nisi
440 3817 532 3869 gnaro
550 3794 678 3858 custode,
697 3794 723 3848 h.
747 3811 772 3846 e.
791 3795 845 3846 nisi
865 3807 948 3862 gnaro
974 3793 1123 3844 instructus
1141 3792 1274 3861 guberna·

236 3908 314 3959 tore,
332 3897 379 3967 qni
401 3895 495 3946 vitatis
520 3893 588 3960 locis
614 3889 790 3959 importuosis
818 3893 852 3942 ad
880 3907 972 3960 pauco
999 3887 1124 3945 subsidia
1150 3891 1273 3958 (navium

167 4020 169 4024 .
236 3983 380 4063 r'tationea)
399 4006 494 4044 narem
514 3988 652 4042 direxerit.
