2900 4724
270 317 331 385 324
662 315 882 378 suunttuu
948 380 951 388 ,

124 491 151 560 (·
164 494 194 552 ⁰·
207 493 354 566 ⁵¹·lvisui
377 508 476 558 tamen
499 499 665 576 consuluit,
688 523 727 561 ne
747 523 848 578 coram
870 502 1065 564 interficeret.
1083 501 1125 561 Et
1144 501 1285 562 Radami-

265 618 344 678 stus,
365 607 448 686 quasi
471 607 544 668 iuris
567 609 691 668 iurandi
712 631 841 686 memor,
863 631 924 669 non
954 593 1086 686 lcirum,
1106 631 1168 668 non
1192 632 1285 670 vene·

263 705 336 772 num
357 710 388 772 in
415 735 548 774 sororem
568 724 599 774 et
628 726 771 797 patruum
800 717 968 797 expromit,
997 716 1049 774 scd
1078 718 1224 796 proiectos
1251 718 1284 781 iu

263 820 411 894 humum,
447 831 477 881 et
509 833 590 880 veste
622 821 718 882 multa
741 823 885 903 gravique
921 833 1041 902 opertos
1072 829 1171 880 necat
1212 819 1282 878 Filii

189 951 193 957 ·
261 947 381 1008 quoque
404 923 607 1000 Mithridatis,
628 927 710 1008 quod
730 925 872 986 caedibus
892 936 1054 1007 parentum
1075 924 1319 990 illacrimans-5

217 1109 225 1120 Ι
260 1044 348 1109 rant,
379 1031 522 1091 trucidati
541 1043 623 1093 sunt.
664 1031 706 1092 At
727 1033 900 1110 Quadratus
921 1053 1103 1116 cognoscens
1127 1024 1338 1114 proditumlffss

256 1137 454 1203 Mithridaten
484 1147 514 1196 et
535 1159 659 1218 regnum
677 1136 717 1198 ab
737 1135 980 1199 interfectoribus
1010 1138 1159 1214 obtineri,
1193 1148 1280 1197 vocat

257 1243 436 1320 consilium,
461 1243 549 1302 docet
570 1253 645 1320 acta,
668 1252 697 1302 ct
719 1264 758 1303 an
780 1241 976 1305 ulcisceretur
996 1241 1155 1308 consultat.
1197 1243 1278 1301 Pau-

258 1353 299 1412 cis
321 1349 411 1410 decus
431 1347 584 1430 publicum
604 1369 710 1422 curae;
737 1345 839 1430 plures
870 1357 936 1407 tuta
967 1345 1127 1407 disserunt.
1179 1349 1278 1405 Omne

229 1443 233 1448 Ι
257 1460 351 1521 scelus
372 1465 527 1516 externum
548 1479 617 1515 cum
635 1455 744 1517 laetitia
764 1453 949 1530 habendum
970 1455 1083 1512 semina
1106 1453 1196 1514 ctiam
1211 1452 1277 1512 odi·
1300 1484 1335 1521 ,ο

256 1553 344 1628 orum
365 1563 521 1639 iacienda,
543 1574 576 1623 ut
596 1585 683 1644 saepe
702 1565 853 1644 principes
875 1562 1002 1622 Romani
1026 1559 1151 1621 eandem
1167 1561 1274 1620 Arme·

255 1681 351 1750 niam,
373 1673 471 1754 specie
494 1672 668 1754 largitionis,
690 1671 846 1730 turbandis
860 1671 1056 1730 barbarorum
1071 1671 1177 1727 animis
1192 1673 1275 1748 'prae-

255 1781 389 1842 buerint.
432 1781 593 1840 Poterctnr
609 1778 801 1840 Radamistus
819 1775 896 1838 male
916 1773 1032 1858 partis}
1063 1775 1137 1836 dum
1161 1778 1274 1834 invisus

221 1911 228 1918 ·
255 1889 392 1963 infamis,
415 1889 536 1968 quando
559 1886 589 1945 id
618 1889 709 1968 magis
742 1909 776 1947 cx
796 1907 873 1963 usu,
907 1907 998 1967 quam
1025 1887 1049 1944 si
1082 1905 1150 1943 cum
1181 1883 1275 1964 gloria

253 1994 378 2074 adeptus
399 1995 484 2057 foret.
529 1995 562 2052 ln
591 1993 669 2052 banc
695 1995 873 2054 sententiam
895 1996 980 2055 itum.
1021 1990 1068 2050 Ne
1090 2001 1191 2050 tamen
1221 1990 1273 2049 ad·
1296 1998 1331 2059 ¹5

252 2105 351 2160 unisse
375 2099 499 2158 facinori
519 2095 694 2157 viderentur
716 2109 746 2158 et
767 2096 884 2158 diversa
907 2097 1017 2156 Cacsar
1040 2095 1174 2170 iuberet,
1195 2097 1274 2154 missi
1314 2135 1319 2142 -

253 2208 290 2266 ad
310 2207 531 2264 Pharasmanen
552 2205 670 2279 nuntii,
690 2215 724 2262 ut
743 2201 920 2263 abscederet
948 2224 965 2262 a
993 2185 1101 2262 finibus
1121 2177 1295 2262 Armeniis·

250 2313 404 2392 filiumque
426 2311 623 2372 abstraheret.
664 2311 738 2370 Erat
759 2309 966 2392 Cappadociae
980 2321 1158 2390 procurator
1180 2306 1328 2388 lulius49

251 2419 402 2500 Pelignus,
417 2420 517 2502 ignavi
536 2418 628 2477 animi
651 2427 680 2477 et
700 2415 865 2476 deridiculo
882 2419 1018 2498 corporis
1038 2417 1119 2478 iuxta
1140 2418 1270 2500 despici·
1303 2449 1305 2454 ·

252 2527 349 2588 cndus
365 2570 374 2602 ,
393 2525 443 2585 sed
466 2523 593 2583 Claudio
606 2544 750 2605 perquam
773 2523 935 2603 familiaris,
958 2545 1027 2583 cum
1045 2525 1179 2604 privatus
1199 2523 1269 2584 olim
1288 2544 1327 2583 ao

251 2637 480 2698 conversatione
498 2655 669 2694 scurrarum
685 2635 764 2694 iners
789 2633 885 2693 otium
913 2632 1086 2692 oblectaret.
1131 2633 1159 2690 Is
1191 2629 1271 2690 Peli-

251 2762 326 2824 gnus
348 2739 464 2800 auxiliis
487 2737 718 2820 provincialium
745 2738 905 2798 contractis
925 2747 1070 2819 tanquam
1088 2739 1270 2817 reciperatu-

249 2867 301 2906 rus
322 2845 518 2920 Armeniam,
540 2843 613 2902 dum
639 2845 734 2903 socios
754 2845 846 2925 magis
866 2864 955 2922 quam
975 2843 1074 2903 hostes
1094 2845 1268 2924 praedatur,

251 2955 389 3014 abscessu
401 2973 525 3012 suorum
542 2959 573 3010 et
587 2949 810 3027 incursantibus
824 2950 957 3010 barbaris
974 2953 1112 3032 praesidii
1134 2975 1220 3034 egens
1230 2953 1268 3012 ad

184 3078 192 3102 ⁸
250 3057 459 3120 Radamistum
477 3059 574 3130 venit;
596 3057 741 3140 donisque
765 3061 827 3117 eins
850 3061 964 3143 evictus
992 3058 1073 3120 ultro
1087 3064 1200 3140 regium
1223 3065 1266 3122 in·
1284 3074 1325 3136 25

249 3166 333 3248 signe
353 3183 473 3224 sumere
493 3162 686 3237 cohortatur,
708 3163 896 3241 sumentique
918 3164 1002 3224 adest
1030 3175 1134 3224 auctor
1163 3175 1193 3226 et
1223 3187 1267 3226 sa·

249 3270 344 3332 telles.
388 3268 479 3346 Quod
501 3269 552 3328 ubi
575 3269 656 3348 turpi
677 3267 754 3326 sama
778 3265 983 3349 divulgatum,
1015 3293 1053 3330 ne
1081 3251 1267 3353 ceteri'quo·

249 3399 309 3459 que
329 3399 363 3436 ex
387 3373 511 3455 Peligno
543 3376 804 3450 coniectarentur,
828 3374 984 3434 Helvidius
1009 3375 1130 3436 Priscus
1156 3377 1267 3458 legatus

246 3489 321 3544 ‘cum
341 3483 458 3563 legione
481 3484 629 3558 mittitur„
651 3481 740 3541 rebus
759 3479 886 3541 turbidis
907 3503 961 3562 pro
982 3464 1120 3562 tempore
1141 3495 1175 3544 ut
1195 3507 1268 3546 con-

215 3635 220 3645 ¹
256 3635 525 3652 *affl-

342 3737 364 3776 r.
380 3723 548 3792 interficeret
567 3741 599 3776 ex
616 3724 681 3790 (Ma)
700 3723 855 3776 Bellerusz
876 3723 956 3792 vulgo
972 3713 1204 3794 interficerentur.
1224 3728 1269 3777 In-

250 3813 288 3864 tn
309 3831 332 3880 9
352 3831 429 3866 omne
447 3813 571 3881 Lipsius:
589 3834 677 3867 omnes
697 3817 809 3867 codices.
1285 3819 1288 3822 ’

319 3925 360 3964 ar.
380 3910 603 3960 conversationes
619 3921 728 3963 curaret
746 3905 787 3961 Ma
807 3925 865 3962 cum
884 3909 963 3976 allis,
985 3898 1101 3967 currerit
1119 3915 1234 3984 Lipsius.
