2862 4726
272 249 334 312 228
703 243 927 302 stanuum

121 431 148 500 (s
163 431 257 504 Cat.)
267 437 373 512 gentos
392 425 602 485 Romanorum
620 425 703 505 apud
722 424 950 504 lucum,quem
967 423 1172 483 Baduhennae
1181 437 1305 505 vocent,

261 559 364 620 pugna
378 539 411 596 in
420 545 576 617 posterum
585 544 718 594 extracta
730 532 883 592 confectos
894 555 904 609 3
923 543 953 592 et
965 531 1057 591 aliam
1072 531 1305 616 quadringente

260 667 331 706 rum
342 665 477 721 manum,
493 653 639 726 occupata
652 643 845 723 Cruptoricis
853 640 1009 723 quondam
1019 641 1207 722 stipendiarii
1218 641 1301 717 villa,

242 745 423 837 'postquam
443 753 576 836 proditio
598 753 801 827 metuebatur,
828 754 943 810 mutuis
964 751 1075 811 ictibus
1098 751 1301 832 procubuisse.

259 863 385 924 Clarum
405 861 477 924 inde
496 865 579 923 inter
601 865 773 922 Germanos
795 857 932 919 Frisium
951 881 1073 933 nomen,
1092 839 1347 920 dissimulante'ii

249 969 387 1030 ¹Tiberio
408 970 542 1049 damna,
562 991 602 1029 ne
623 967 675 1026 cni
698 963 813 1026 bellum
842 965 1041 1045 permitteret.
1088 965 1194 1046 Neque
1213 986 1301 1024 sena-

256 1088 307 1138 tus
329 1083 360 1138 io
382 1099 419 1138 eo
438 1097 537 1156 cura,
562 1099 602 1136 an
623 1076 745 1155 imperii
766 1083 899 1134 extrema
921 1073 1223 1134 dehonestarentur:
1246 1096 1300 1156 pa-
1404 1051 1405 1064 ἵ

256 1206 316 1246 vor
337 1186 476 1244 internus
499 1191 702 1263 occupaverat
722 1181 864 1259 animos,
887 1183 937 1242 cni
958 1183 1127 1243 remedium
1149 1182 1299 1242 adulatio-

254 1313 295 1353 ne
323 1291 538 1372 quaerebatur.
590 1291 636 1348 ita
657 1310 834 1371 quanquam
860 1289 989 1351 diversis
1003 1311 1095 1372 snper
1111 1289 1203 1350 rebus
1223 1309 1295 1348 mn-

253 1395 778 1476 solerentur,a1amclementiae,
809 1419 897 1458 aram
925 1400 1097 1474 amicitiae,
1126 1396 1295 1480 effigiesque
1316 1419 1345 1458 ro

253 1511 371 1570 circum
391 1505 529 1568 Caesaris
550 1526 588 1565 ac
615 1506 719 1566 Seiani
748 1525 918 1584 censuere3
947 1507 1126 1588 crebrisque
1154 1507 1297 1587 precibus

137 1647 142 1658 ¹
252 1617 470 1702 efflagitabant,
492 1615 610 1675 risendi
631 1619 678 1676 sui
697 1616 818 1698 copiam
838 1616 988 1676 facerent.
1031 1615 1103 1676 Non
1125 1614 1171 1674 illi
1190 1626 1293 1676 tamen

250 1729 284 1787 in
305 1728 435 1797 urbem,
456 1735 509 1784 aut
531 1729 707 1810 propinqua
726 1723 799 1784 urbi
818 1724 953 1805 degressi
974 1734 1070 1785 sunt:
1102 1724 1176 1784 satis
1195 1727 1292 1786 visum

251 1837 395 1895 omittere
417 1829 550 1891 insulam
570 1845 602 1894 et
632 1837 666 1892 in
686 1825 825 1914 proximo
859 1833 1043 1913 Campaniae
1071 1831 1198 1914 adspici.
1247 1833 1292 1893 Eo

166 1921 170 1934 ⁵
250 1942 357 2001 venire
378 1945 477 2017 patres
490 1955 582 2016 eques
601 1957 712 2018 magna
724 1955 795 2018 pars
811 1935 923 2018 plebis,
946 1936 1027 1996 anxii
1044 1959 1117 2018 erga
1134 1939 1288 2010 Seianum,
1310 1937 1342 1995 15

251 2045 338 2105 cuius
358 2040 466 2102 durior
486 2063 674 2124 congressus,
698 2053 793 2124 atque
812 2064 849 2103 eo
869 2065 925 2124 per
944 2045 1095 2104 ambitum
1109 2055 1140 2104 et
1152 2049 1291 2106 societate

249 2152 448 2213 consiliorum
475 2150 654 2229 parabatur.
701 2150 781 2210 Satis
811 2150 973 2211 constabat
1003 2153 1174 2212 auctamei
1203 2173 1289 2212 arro-

248 2263 381 2342 gantiam
415 2257 540 2318 foedum
569 2257 647 2318 illud
676 2259 707 2318 in
743 2258 910 2341 propatulo
939 2259 1100 2332 servitium
1126 2263 1285 2340 spectanti.

249 2367 373 2448 Quippe
393 2364 509 2427 Itomae
542 2367 620 2427 sueti
651 2365 824 2447 discursus,
845 2380 877 2432 et
899 2369 1110 2450 magnitudine
1132 2351 1221 2430 urbis
1241 2371 1287 2430 in·

248 2585 528 2603 m

322 2765 359 2816 13.
376 2732 496 2835 ἄίέιωί
522 2767 567 2818 tt:
597 2763 722 2837 degressi
752 2765 892 2820 Ernestius
913 2793 944 2806 -
963 2767 1012 2836 qui
1031 2761 1154 2835 digressi
1182 2763 1284 2832 legunt,

199 2899 203 2906 .
246 2857 392 2912 Tiberium
413 2870 442 2912 et
460 2860 590 2914 Seianum
608 2877 624 2910 a
641 2870 729 2914 semet
745 2863 813 2932 ipsis
830 2879 888 2915 non
906 2862 1062 2914 discessisse
1075 2862 1099 2908 T
1101 2863 1202 2913 scitum
1220 2877 1283 2913 nar·

244 2964 350 3008 rentem
368 2957 492 3018 faciunt,
509 2965 678 3026 repugnante
697 2958 752 3008 loci
770 2960 916 3008 sententia.
953 2957 988 3007 At
1009 2953 1125 3027 degredi
1150 2973 1207 3008 non
1231 2958 1282 3007 nisi

246 3047 281 3102 de
298 3051 333 3100 iis
360 3050 479 3114 dicitur,
511 3054 559 3122 qni
585 3069 618 3106 ex
643 3054 704 3106 loco
723 3055 822 3106 altiore
853 3055 883 3104 in
904 3053 1081 3106 humiliorem
1105 3051 1282 3103 descendunt.

244 3141 342 3194 Audio.
364 3143 418 3195 Sed
438 3145 520 3196 altior
539 3146 587 3196 iiie
612 3141 687 3197 iocus
719 3147 800 3196 variis
825 3145 914 3198 modis
943 3145 1107 3197 conformari
1138 3146 1229 3198 animo
1252 3163 1282 3196 ac

242 3235 358 3314 percipi!
376 3243 478 3305 potest:
513 3255 574 3288 nam
602 3239 685 3290 etiam
711 3239 786 3288 loeus
812 3239 860 3306 qui
886 3239 1021 3304 dignitate
1045 3248 1094 3289 aut
1111 3243 1279 3292 amoenitate

243 3327 305 3378 aliis
324 3340 454 3396 praestat,
470 3339 600 3404 tanquam
621 3335 721 3384 elatior
738 3331 864 3384 inferiori
882 3336 1039 3400 opponitur.
1061 3333 1150 3401 Quam
1169 3337 1206 3387 ob
1225 3352 1279 3386 rem

239 3433 350 3492 praetor
367 3421 499 3480 decedere
529 3446 545 3480 e
571 3430 712 3497 provincia
738 3427 858 3490 dicitur,
892 3432 958 3498 quia
983 3445 1015 3478 ex
1051 3429 1108 3478 aito
1138 3431 1279 3498 diguitatis

241 3519 326 3587 gradu
345 3520 375 3571 in
393 3523 491 3590 privati
509 3521 701 3572 condicionem
720 3529 748 3572 et
767 3530 867 3573 statum
895 3522 1046 3578 descendit.
1084 3523 1140 3572 iloe
1166 3525 1196 3575 in
1221 3526 1278 3575 ioco

240 3616 347 3668 insulae
368 3615 588 3689 Campaniaeque
606 3621 758 3670 amoenitas
776 3635 842 3686 Prae
863 3617 937 3667 urbis
956 3619 1068 3685 putrere
1096 3635 1126 3670 ac
1148 3621 1276 3688 temperie

241 3713 370 3776 tanquam
388 3713 568 3781 praestantior
586 3721 614 3761 et
632 3715 710 3780 qnasi
737 3713 869 3766 excelsior
896 3711 1041 3765 scribentis
1064 3716 1155 3766 aniiuo
1183 3717 1277 3764 obver-

242 3811 326 3857 satur.

313 3903 351 3952 sii.
370 3902 448 3952 iiiam
467 3903 497 3950 in
517 3899 696 3970 propetibuio
718 3901 753 3953 Μ.
