2862 4726
445 319 560 390 ‚ma
587 319 643 380 vr.
685 295 931 391 car.ls-to.
1091 278 1097 294 ⁸
1160 324 1222 390 ros
1268 273 1272 292 ’

1238 473 1242 482 ι

185 503 267 562 inter
288 501 420 562 ludibria
442 514 471 562 et
487 503 619 584 pericula
643 507 761 564 anxiam
780 517 929 565 senectam
950 503 1152 584 toleravisset,
1173 507 1264 578 diota
1283 507 1374 578 Gir)

186 599 316 686 Seiano,
341 623 420 670 nune'
444 613 601 688 Macroni,
624 633 742 693 semper
770 611 860 672 alicui
890 615 1063 694 potentium
1095 616 1225 687 invisus,

186 741 248 780 non
273 717 382 800 culpa,
399 719 453 780 sed
478 731 511 782 ut
534 720 722 800 flagitiorum
744 721 915 802 impatiens.
957 721 1036 780 Sane
1047 705 1168 802 ¹[tarseus
1197 733 1227 782 et

186 849 342 909 supremos
361 829 503 910 principis
529 829 593 890 dies
613 851 700 910 posse
721 831 834 916 vitari:
868 828 1126 912 quemadmodum
1154 851 1226 890 eva-

143 935 168 1008 ³5
187 958 291 997 surum
313 937 498 998 imminentis
521 937 697 997 iuventam?
717 937 766 996 An
794 957 863 1022 cum
891 937 1033 998 Tiberius
1064 918 1133 1018 post
1157 947 1227 998 tan-

184 1057 247 1105 tam
272 1067 374 1106 rerum
396 1047 612 1128 experientiam
635 1045 665 1105 vi
691 1045 906 1111 dominationis
926 1045 1090 1108 convulsus
1112 1055 1143 1106 et
1164 1067 1227 1104 mu·

134 1176 137 1180 ·
185 1165 265 1214 tatus
290 1159 346 1230 sit,
374 1155 485 1214 Gaium
515 1155 677 1214 Caesarem
705 1157 754 1213 vix
783 1153 867 1214 linita
897 1154 1049 1236 pueritia,
1071 1153 1227 1236 ,ignarum

186 1263 324 1322 omnium
347 1274 400 1322 aut
421 1263 556 1343 pessimis
576 1263 761 1324 innutritum
783 1260 909 1322 meliora
926 1263 1151 1346 ,capessiturum
1161 1261 1227 1323 Ma·

186 1391 279 1432 croue
301 1370 402 1431 duce?
424 1371 477 1450 qui
498 1379 534 1429 ut
555 1369 691 1430 deterior
712 1369 750 1428 ad
773 1369 1009 1450 opprimendum
1024 1367 1227 1428 Seianumde·

48 1483 54 1502 ⁴
131 1509 167 1548 10
184 1477 298 1554 lectus,
330 1477 420 1560 plura
461 1498 518 1558 per
556 1476 668 1537 seelera
696 1497 760 1536 rem
793 1475 945 1556 publicam
983 1474 1228 1538 conflictavisset.

185 1587 386 1668 Prospectare
408 1587 468 1644 iam
499 1606 529 1644 se
551 1586 652 1664 acrius¹
678 1583 855 1660 servitium,
887 1603 984 1664 eoque
1007 1581 1109 1662 fugere
1137 1582 1229 1642 simul

186 1703 255 1753 acta
280 1703 309 1751 et
332 1691 487 1754 instantia.
530 1691 615 1752 Haec
638 1694 716 1750 vatis
743 1691 774 1750 in
804 1689 930 1750 modum
964 1689 1107 1752 dictitans
1138 1709 1230 1748 venas

169 1800 322 1860 resolvit.
388 1799 582 1859 Documento
613 1798 769 1880 sequentia
815 1806 908 1857 erunt
936 1796 1017 1857 bene
1042 1795 1229 1858 Arruntium

186 1917 285 1966 morte
307 1929 405 1970 usum.
447 1905 603 1968 Albucilla
627 1907 714 1968 irrito
736 1909 797 1969 ictu
819 1929 837 1967 a
857 1905 1131 1968 semetvulnerata
1146 1907 1230 1966 iussu

130 2021 168 2084 15
188 2027 308 2076 senatus
329 2019 368 2076 in*
383 2034 537 2078 carcerem
562 1995 668 2076 fertur.
701 1999 970 2097 Stuprorum'eius
992 2013 1137 2091 ministri,
1159 2012 1230 2072 Car·

185 2122 280 2182 sidius
317 2122 465 2184 Sacerdos
493 2126 664 2202 praetorius
703 2132 737 2180 ut
769 2122 799 2182 in
840 2120 970 2182 insulam
1000 2119 1227 2200 deportaretur,

182 2231 313 2291 Pontius
335 2231 535 2314 Fregellanus
556 2233 706 2290 amitteret
726 2231 867 2290 ordinem
889 2231 1089 2300 senatorium,
1112 2235 1144 2286 et
1165 2247 1228 2286 eae-

184 2335 254 2396 dem
275 2357 391 2416 poenae
413 2335 443 2394 iu
459 2335 595 2396 Laelium
619 2335 747 2396 Balbum
776 2336 993 2411 decernuntur,
1016 2335 1047 2394 id
1069 2332 1191 2416 quidem
1211 2353 1229 2392 a

99 2433 105 2442 ⁸
185 2445 379 2522 laetantibus,
397 2448 467 2526 quia
486 2445 599 2506 balbus
610 2448 689 2506 truci
708 2445 882 2528 eloquentia
897 2445 1078 2520 habebatur,
1103 2463 1228 2525 promp-

128 2572 170 2612 20
187 2564 236 2612 tus
254 2552 416 2612 adversum
436 2555 581 2614 insontes.

68 2677 71 2688 ’
127 2659 184 2742 49
271 2660 369 2721 isdem
388 2637 492 2722 diebus
517 2663 624 2722 Sextus
647 2659 812 2742 Papinius,
837 2661 988 2722 consulari
1015 2659 1148 2738 familia,
1177 2683 1228 2722 re.

186 2765 347 2847 pentinum
371 2777 403 2828 et
433 2767 593 2828 informem
614 2768 727 2828 exitum
755 2767 885 2849 delegit,
908 2768 986 2828 iacto
1017 2768 1048 2828 in
1082 2788 1230 2848 praeceps

186 2889 328 2956 corpore.
374 2878 469 2936 Causa
491 2876 530 2936 ad
556 2886 686 2936 matrem
718 2875 928 2953 referebatur,
953 2896 1030 2957 quae
1051 2874 1170 2956 pridem
1186 2895 1229 2946 re·

187 2981 313 3062 pudiata
335 2981 588 3042 assentationibus
614 2993 704 3064 atque
725 2980 796 3042 luxu
819 2983 999 3064 perpulisset
1023 2984 1163 3045 iuvenem
1187 2983 1228 3044 ad

128 3100 169 3163 25
188 3113 237 3163 ea‚·
257 3112 392 3172 quorum
415 3089 559 3170 effugium
583 3111 644 3150 non
664 3090 723 3148 nisi
748 3100 848 3152 morte
874 3093 1037 3152 inveniret.
1070 3092 1169 3174 Igitur
1184 3113 1230 3151 ac-

188 3210 291 3260 cusata
308 3201 339 3258 in
365 3209 494 3274 senatu,
515 3219 689 3280 quanquam
720 3219 821 3280 genua
846 3211 971 3280 patrum
1001 3199 1225 3271 advolveretur,

187 3307 366 3391 luctumque
389 3329 584 3369 communem
606 3318 636 3368 et
660 3299 754 3388 magis
775 3303 962 3368 imbecillum
983 3305 1037 3366 tali
1058 3328 1151 3389 super
1172 3291 1226 3368 ca.'

186 3439 222 3479 su
245 3415 426 3478 feminarum
446 3419 581 3478 animum
602 3415 721 3498 aliaque
742 3419 773 3478 in
789 3415 920 3478 eundem
945 3413 1083 3476 dolorem
1116 3425 1228 3484 maesta

188 3574 275 3585 ιιι-

280 3700 299 3734 ι.
317 3679 452 3754 pericula]
474 3681 649 3754 pericularia
670 3681 716 3746 M,
739 3681 857 3734 correxit
874 3678 1028 3735 Beroaldus.

263 3777 301 3834 15.
322 3774 466 3829 Grusidius
485 3777 528 3828 M:
550 3775 694 3830 Carsidius
711 3775 862 3829 Ernestius.

262 3887 301 3937 ¹7·
324 3869 434 3922 eosdm
452 3871 569 3943 paenae]
591 3869 684 3926 aedem
705 3889 793 3942 paene
814 3873 850 3927 tt.

258 3967 299 4019 26.
317 3964 438 4038 petrum]
456 3967 546 4036 patris
568 3967 608 4018 M.
