2862 4726
228 302 289 378 aet
464 379 468 384 ,
654 297 874 368 lunanum
963 309 968 316 ·

80 502 106 572 (a
123 503 213 574 cae.)
226 499 331 578 pinam
350 495 515 578 miserans,
546 493 724 554 disserebat.
779 493 821 552 Et
852 502 1013 574 postquam
1044 485 1194 564 Sabinus,
1229 491 1265 552 ul
1289 540 1295 545 .

228 616 300 684 supt
320 600 425 664 molles
448 602 480 660 iu
499 601 670 662 calamitate
696 601 869 662 mortalium
894 601 1011 680 animi,
1039 599 1147 661 effudit
1178 599 1267 660 lucri·

230 731 316 784 mas,
337 710 434 768 iunxit
454 718 597 789 questus,
617 707 778 768 audentius
804 709 863 784 iam
888 717 995 766 onerat
1011 707 1180 783 Seianum,
1201 727 1269 766 sae*

133 821 137 835 ’
227 819 334 880 vitiam
355 797 527 898 'superbiam
545 837 614 898 spes
633 819 709 881 eius.
751 817 799 876 Ne
820 819 850 874 in
874 817 1032 876 Tiberium
1052 815 1176 897 quidem
1194 835 1269 874 con-

227 927 308 986 vicio
327 925 467 990 abstinet.
502 925 588 1006 lique
608 945 771 999 sermones,
792 935 937 1005 tanquam
957 926 1052 984 vetita
1067 922 1266 998 miscuissent,
1285 915 1305 981 5

228 1033 357 1113 speciem
381 1043 464 1090 artae
484 1032 633 1090 amicitiae
653 1030 764 1089 facere.
789 1029 836 1090 Ac
856 1029 917 1090 iam
930 1029 1012 1090 ultan
1024 1030 1152 1090 Sabinus
1174 1047 1269 1110 quae-

231 1159 300 1200 rere
319 1139 494 1214 Latiarem,
517 1139 671 1198 ventitare
692 1131 840 1210 domum,
877 1136 997 1198 dolores
1026 1157 1096 1198 suos
1115 1139 1202 1218 quasi
1228 1135 1267 1196 ad

230 1247 411 1308 fidissimum
431 1245 564 1308 deferre.
607 1243 792 1305 Consultant
817 1243 1105 1328 quos'‘memoravi,
1134 1241 1323 1326 quonam69

229 1355 321 1416 modo
340 1377 375 1414 ea
398 1354 533 1436 plurium
548 1348 658 1414 auditu¹
676 1357 903 1435 acciperentur.
946 1356 1026 1416 Nam
1046 1355 1157 1415 locoin
1176 1374 1269 1435 quem

231 1465 391 1541 coibatur,
411 1463 563 1523 servanda
583 1443 759 1522 solitudinis
780 1463 896 1544 facies3
917 1473 947 1522 et
967 1464 992 1522 si
1013 1484 1093 1543 pone
1119 1463 1268 1522 fnresas-
1291 1481 1325 1521 to

230 1574 394 1649 sisterent,
414 1585 512 1632 metus
538 1573 632 1646 visus,
654 1575 770 1634 sonitus
801 1583 855 1631 aut
875 1572 953 1631 forte
972 1582 1059 1632 ortae
1091 1571 1271 1653 suspicionis

229 1690 328 1741 erant.
370 1682 503 1740 Tectum
537 1681 619 1740 inter
646 1691 678 1742 et
705 1679 858 1761 laquearia
887 1691 950 1740 tres
980 1690 1158 1760 senatores,
1188 1679 1272 1739 haud

231 1789 330 1849 minus
351 1787 433 1868 turpi
458 1785 580 1846 latebra
603 1809 695 1868 quam
719 1786 895 1846 detestanda
915 1767 1041 1865 bande,
1063 1809 1129 1848 sese
1149 1788 1273 1848 abstru-

234 1899 335 1974 dunt3
357 1895 557 1958 foraminibus
577 1907 607 1954 ct
626 1897 714 1954 rimis
732 1916 837 1954 aurem
858 1895 1034 1956 admovent.
1069 1899 1190 1956 Interea
1210 1897 1272 1954 La·

230 2009 316 2067 tiaris
337 2016 493 2086 repertum
515 2007 547 2062 in
569 2003 692 2084 publico
715 2003 882 2080 Sabinum,
915 2004 1000 2064 velut
1029 2025 1134 2064 recens
1155 2009 1277 2084 cognita
1294 1999 1329 2063 15

217 2108 434 2189 narraturus,
456 2111 582 2169 domum
603 2119 634 2168 et
652 2131 684 2168 in
706 2109 880 2194 cubiculum
903 2109 1018 2186 trahit;
1048 2112 1274 2193 praeteritaque

232 2231 263 2282 et
283 2221 447 2296 instantia,
466 2239 599 2299 quorum
626 2216 741 2276 affatim
761 2217 869 2298 copia,
892 2239 929 2278 ac
948 2239 1044 2278 novos
1064 2229 1197 2280 terrores
1216 2241 1273 2280 cu·

231 2330 341 2390 mulat.
385 2327 502 2388 Eadem
536 2327 589 2386 ille
615 2337 645 2385 et
667 2325 798 2404 diutins,
819 2337 933 2408 quanto
951 2340 1082 2404 maesta,
1104 2329 1159 2388 ubi
1179 2327 1274 2389 semel

200 2475 206 2482 -
232 2456 414 2520 prorupere,
439 2434 592 2495 difficilius
610 2437 789 2500 reticentur.
833 2435 1004 2517 Properate
1019 2437 1091 2496 inde
1106 2437 1271 2516 accusatio,

232 2541 390 2624 missisque
409 2541 450 2603 ad
480 2543 641 2603 Caesarem
667 2543 779 2603 litteris
815 2543 953 2604 ordinem
982 2545 1098 2606 fraudis
1124 2565 1276 2626 suumque
1295 2576 1331 2618 20

232 2654 290 2736 ipsi
315 2651 444 2714 dedecus
465 2629 643 2712 narraiere.
683 2652 753 2712 Non
770 2651 843 2713 alias
861 2656 957 2736 magis
986 2639 1074 2714 anxia
1103 2666 1133 2714 et
1160 2675 1277 2734 pavens

233 2764 360 2846 civitas3
381 2783 472 2847 egens
486 2761 649 2822 adversum
661 2764 814 2844 proximos
835 2785 876 2842 ις
901 2783 1082 2846 congressus
1101 2761 1274 2846 colloquia,

324 3008 349 3058 6.
358 3002 472 3076 facere]
484 3005 581 3076 secere
598 3006 733 3063 Muretus.
795 3029 800 3036 ·

307 3102 348 3158 18.
365 3099 480 3171 quanto]
500 3113 622 3171 qarnnto
638 3099 677 3152 Μ.

236 3237 240 3242 .
307 3213 351 3248 aa.
366 3212 449 3264 egeus
474 3194 618 3250 adversum
641 3194 837 3268 proximu]
860 3195 1096 3264 Quemadmodum
1125 3203 1276 3270 notae'ig-

237 3304 375 3362 notaeque
393 3307 491 3354 aures,
509 3295 549 3342 sic
567 3309 601 3343 ex
618 3297 704 3346 altera
722 3301 800 3358 parte
816 3313 980 3363 congressus
996 3297 1122 3364 (pluralis
1142 3306 1197 3359 est)
1216 3299 1276 3349 col·

236 3388 334 3459 loquia
352 3386 412 3436 sine
432 3387 626 3439 coniunctione
644 3399 854 3456 componuntur,
873 3391 993 3460 ideoque
1010 3403 1127 3466 utraque
1150 3396 1276 3445 subiecta

237 3481 311 3532 baud
331 3479 415 3534 dubie
434 3485 600 3536 adverbum
621 3487 712 3536 vitari
734 3485 876 3536 reserenda
897 3497 969 3539 sunt„
1013 3491 1081 3542 Nam
1109 3507 1165 3560 quo
1184 3493 1275 3542 miuus

192 3562 205 3572 ⁶
237 3595 299 3628 cum
316 3577 459 3630 Waltbero
486 3598 567 3651 egens
593 3581 735 3633 adversum
763 3586 905 3651 proximos
932 3601 1115 3653 antegressus,
1132 3587 1294 3657 colloquio.
1371 3621 1373 3631 -

238 3673 454 3742 coniungamus',
484 3695 540 3727 non
568 3677 656 3728 solum
685 3677 732 3726 illa
761 3679 905 3728 verborum
934 3681 1105 3733 concinnitas
1131 3681 1276 3750 probibet,

239 3769 288 3820 sed
305 3771 392 3820 multo
412 3773 495 3838 magis
513 3773 586 3844 quud
605 3788 695 3840 neque
721 3789 803 3840 agenr
827 3789 989 3842 congressus
1011 3792 1103 3846 neque
1131 3777 1274 3830 adversum

237 3865 378 3934 proximos
397 3881 564 3935 congressus.
602 3866 698 3917 Latine
717 3869 771 3920 uici
800 3879 897 3936 potest.
934 3870 990 3922 Nec
1007 3889 1072 3924 vero
1091 3875 1206 3925 aliorum
1228 3889 1270 3929 ruf

240 3957 280 4008 tin
298 3960 452 4020 editorum,
472 3962 520 4030 qni
539 3977 621 4028 egens
639 3962 781 4016 adversum
797 3968 938 4036 proximor
951 3967 986 4021 ad
1000 3953 1101 4024 nomen
1118 3952 1214 4025 civitas
1231 3983 1274 4018 re·
