2826 4730
457 275 533 333 ΗΒ.
563 271 617 332 ΙΙΙ.
660 272 751 338 CAP.
770 277 905 340 (ib-65·
1136 277 1193 354 tot

150 480 209 542 que
227 461 304 540 ipsis
324 460 355 544 ip
376 447 497 540 templis
517 456 610 538 figere
628 433 702 518 bera
721 455 901 518 sacrandam
923 453 962 516 ad
991 457 1190 535 memoriam,
1204 433 1235 528 1(α
1248 439 1344 526 0032.)

149 587 207 628 neu
229 568 330 648 specie
351 548 508 648 religionis
532 568 563 626 in
586 565 788 630 ambitionem
806 562 1036 631 deliberentur.

99 664 148 749 64
234 674 306 736 διώἱ
322 673 402 736 idem
423 683 544 756 tempus
568 672 665 734 luliae
689 673 845 757 Augustae
866 671 1005 735 valitudo
1033 683 1119 746 atrox
1142 697 1194 736 ne·
1222 705 1225 716 ·

145 781 358 844 cessitudiuom
380 781 513 864 principi
535 781 607 842 fecit
628 781 761 844 festinati
780 785 811 843 in
835 784 946 844 urbem
967 781 1096 859 reditus,
1131 785 1194 844 sin·
1240 777 1244 786 ’

112 889 216 954 beera
238 891 340 954 adlruc
359 895 439 952 inter
458 900 592 954 matrem
615 889 775 974 filiumque
795 891 976 970 conoordia‚
1004 891 1069 952 sive
1091 889 1195 952 occul-

146 1001 182 1059 tis
204 997 293 1060 odiis.
324 997 434 1079 Neque
446 991 537 1058 'enim
552 995 651 1058 multo
671 1009 755 1077 ante,
778 1019 849 1060 cum
870 998 956 1058 baud
976 998 1088 1080 procul
1104 999 1195 1060 thea—
1221 1003 1235 1085 J

145 1117 195 1166 tro
217 1104 355 1166 Marcelli
378 1104 507 1189 effigiem
528 1105 601 1167 divo
630 1105 771 1190 Augusto
797 1105 877 1166 lulia
904 1107 1043 1186 dicaret,
1073 1105 1192 1168 'riberii
1291 1171 1293 1178 Α

146 1235 257 1274 nornen
276 1235 331 1274 suo
350 1215 600 1298 postscripserat,
621 1214 715 1296 idque
741 1211 793 1276 ille
808 1214 1016 1278 scredebntur
1047 1224 1084 1276 ut
1116 1215 1195 1276 infe-

146 1326 209 1383 rius
231 1323 386 1383 maiestate
408 1320 557 1404 principis
579 1323 667 1404 glavi
691 1334 722 1384 et
746 1319 933 1408 dissimulata
952 1321 1122 1384 offensione
1144 1322 1194 1382 ab·

96 1430 269 1492 redidisse.
312 1429 373 1490 Sed
395 1440 461 1490 tum
486 1426 636 1510 supplicia
658 1428 705 1489 dis
730 1427 855 1512 ludique
882 1427 985 1512 magni
1014 1429 1055 1490 ab
1086 1440 1193 1490 senatu

145 1516 375 1616 decernuntur,
397 1559 474 1620 quos
494 1536 655 1620 pontifices
687 1547 717 1596 et
747 1557 878 1618 augures
901 1546 932 1598 et
958 1535 1192 1618 quindecimviri

96 1671 102 1676 ·
144 1647 337 1730 septemviris
359 1647 449 1712 simol
470 1658 500 1708 et
520 1635 675 1708 sodalibus
696 1645 915 1727 Augustalibus
941 1647 1079 1710 ederent.
1111 1644 1193 1709 Cen·

142 1767 248 1818 suerat
269 1758 381 1816 Lucius
403 1755 569 1837 Apronius,
591 1762 629 1816 ut
650 1751 783 1814 Fetiales
803 1774 925 1836 quoque
947 1754 984 1815 iis
1001 1751 1083 1812 ludis
1103 1773 1194 1834 prae·

141 1865 290 1926 siderent.
334 1863 530 1924 Contradixit
550 1862 677 1940 Caesar,
698 1860 842 1922 distincto
861 1861 1100 1924 sacerdotiorum
1122 1861 1193 1920 iore

93 1967 125 2026 15
146 1983 178 2032 et
192 1969 335 2054 *repetitis
355 1969 522 2053 exemplis:
546 1969 755 2055 nequeenim
777 1987 913 2051 unquam
934 1967 1103 2030 Fetialibus
1134 1967 1193 2027 hoe

145 2079 311 2152 maiestatis
333 2078 436 2140 fuisse.
483 2077 558 2139 ldeo
579 2077 756 2160 Augustales
782 2077 917 2142 adiectos
929 2125 939 2156 ,
966 2078 1038 2160 quia
1069 2077 1193 2156 propri·
1274 2119 1277 2126 .

144 2204 200 2246 um
221 2186 286 2246 cius
308 2185 418 2245 domus
438 2184 641 2244 secerdotium
663 2193 762 2260 esset,
776 2163 846 2266 'pro
863 2205 923 2266 qua
947 2195 1018 2244 vota
1037 2181 1191 2264 persolve·

90 2287 266 2368 65rentur.
308 2293 443 2376 Ereequi
463 2294 630 2355 sententias
651 2292 734 2352 haud
758 2293 875 2354 institui
896 2293 963 2354 nisi
981 2296 1116 2376 insignes
1136 2315 1191 2374 per

59 2455 73 2466 s
143 2401 309 2493 honestum
328 2413 381 2462 aut
402 2391 529 2464 notabili
552 2385 722 2480 dedecore}
746 2402 829 2482 quod
851 2403 1055 2485 praecipuum
1077 2423 1191 2465 munus

85 2529 125 2570 ao
137 2509 297 2572 annalium
330 2530 421 2584 reor,
451 2529 493 2568 ne
513 2511 640 2570 virtutes
662 2507 834 2586 sileantur,
856 2521 953 2592 utque
973 2516 1083 2592 pravis.
1101 2511 1190 2574 dictis
1278 2580 1283 2588 Ι

141 2617 290 2698 lactisque
308 2639 342 2682 ert
363 2619 542 2700 posteritate
563 2627 593 2676 et
607 2615 732 2676 infamia
752 2625 850 2676 metus
870 2617 917 2677 sit.
944 2617 1087 2680 Ceterum
1109 2611 1191 2680 tern-

141 2743 217 2803 poru
236 2723 289 2784 illa
308 2725 387 2786 adeo
409 2724 521 2786 inlecta
542 2735 572 2786 et
598 2723 775 2808 adulatione
798 2722 921 2784 sordida
939 2723 1043 2801 fuere,
1067 2731 1104 2784 ut
1128 2746 1190 2785 non
1253 2709 1255 2716 ’

141 2814 236 2890 {nodo
256 2833 408 2912 primores
428 2833 575 2909 civitatis,
613 2833 726 2921 quibus
753 2832 907 2893 claritudo
929 2839 998 2894 'sua
1035 2828 1190 2914 obsequiis

141 2939 330 3022 protegenda
355 2949 440 3016 erat,
467 2939 520 2998 sed
550 2959 656 3000 omnes
682 2938 876 3015 consulares,
901 2940 1011 3021 magna
1032 2961 1104 3022 pars
1135 2959 1189 3000 co·
1231 2971 1234 2981 ‹

86 3046 123 3110 25
139 3067 210 3106 rum
232 3047 285 3128 qui
306 3055 450 3127 praetura
476 3045 593 3124 functi,
622 3045 772 3129 multique
796 3049 887 3108 etiam
912 3046 1032 3129 pedarii
1065 3057 1189 3109 senato-

230 3299 253 3334 a.
277 3297 332 3332 neu
349 3280 439 3350 specie
457 3257 604 3350 religionis
630 3281 662 3334 in
682 3278 860 3334 ambitionem
885 3278 1092 3352 deluderentur]
1124 3278 1188 3330 Pro.

140 3378 293 3428 rineiarum
316 3377 398 3445 legati
417 3378 539 3444 singulos
559 3384 698 3429 senatores
715 3377 870 3434 ambiendo¹
889 3378 981 3446 plures
1008 3387 1103 3426 eorum
1132 3374 1188 3426 ribi

122 3469 364 3532 conciliaverant,
386 3486 422 3522 ac*
434 3477 579 3539 propterea
599 3471 760 3521 consulente
781 3470 815 3522 de
834 3472 911 3550 cultu
928 3470 1071 3524 numinum
1090 3477 1187 3521 senatu
1271 3492 1273 3503 ¹

140 3562 243 3614 studiis
263 3563 433 3644 currebatur.
471 3562 533 3631 Qua
550 3552 627 3614 inre
648 3581 710 3614 curn
729 3565 809 3620 multi
821 3573 969 3617 senatores
996 3565 1187 3627 offendissent,

139 3657 171 3706 in
190 3659 301 3708 senalus
323 3660 448 3710 consulto
466 3659 565 3710 moniti
583 3667 647 3711 sunt
664 3658 859 3728 provinciales,
878 3675 913 3710 ne
932 3650 1025 3728 specie
1043 3659 1185 3730 religionis

138 3751 277 3804 iterandae
304 3759 442 3805 senatores
474 3751 627 3803 ambitione
654 3750 758 3815 (durclr
776 3754 1007 3822 Gunstbulrlerri)
1039 3756 1068 3808 in
1096 3761 1186 3822 partes

138 3863 201 3901 suas
225 3848 336 3925 trabere·
352 3846 558 3909 contenderent,
717 3845 724 3851 ’
936 3839 939 3850 a
1253 3839 1257 3842 .

133 4005 137 4012 ι
215 3961 251 3998 ιι.
272 3941 515 4015 qrtiridecimviril
523 3944 573 4015 qui
589 3911 742 3998 deamviri
759 3943 795 3995 lt.
