2826 4730
441 249 518 308 LlB.
542 251 582 316 tt.
628 248 714 311 CAP.
738 254 871 318 tu-tt.
1085 340 1087 350 Ι
1134 253 1190 314 ttt

95 490 98 500 „
159 452 268 512 susque
286 441 315 490 et
335 451 394 511 pro
415 432 531 502 muris,
556 431 646 491 modo
666 442 761 492 semet
794 431 986 506 afflicttndo,
1016 430 1106 490 modo
1130 427 1223 498 sin-(²
1239 425 1331 494 0¹90)

58 568 63 590 i
158 537 245 619 gulos
265 539 389 598 nomine
408 519 499 614 ciens,
520 539 662 620 praemiis
681 559 804 612 vocans,
826 537 1003 598 seditionem
1024 538 1193 618 coeptabam

158 645 292 727 adeoque
314 657 531 721 commoverat,
553 657 587 704 ut
609 645 736 726 signifer
759 643 885 726 legionis
902 654 1002 703 sextae
1015 647 1132 724 siguum
1155 645 1195 706 ad

156 773 228 822 eum
247 751 451 814 transtulerit.
482 753 563 812 Tum
585 752 712 812 Sentius·
728 771 876 814 occanere
897 770 1011 810 cornua
1033 751 1195 831 tubasque,

89 941 92 948 Ὺ
119 865 194 930 5'et
222 865 282 942 peti
311 883 470 944 aggerem,
502 862 577 944 erigi
610 859 706 948 scalps
737 862 843 932 iussit,
870 881 908 934 ,ac
941 860 1198 940 promptissimum
1288 907 1296 914 .

157 989 311 1052 quemque
334 969 505 1046 succedere,
529 970 603 1029 alios
623 970 789 1028 tormentis·
798 967 898 1044 hastas
917 987 989 1026 saxa
1008 978 1038 1027 et
1060 967 1138 1027 faces
1150 974 1198 1028 iu-

158 1098 271 1159 gerere.
314 1076 456 1137 Tandem
484 1077 566 1134 victa
593 1075 760 1154 pertinacia
785 1075 856 1136 Piso
881 1077 982 1137 oravit
1008 1079 1053 1136 uti
1080 1077 1198 1138 traditis

55 1253 62 1280 X
157 1189 406 1246 armismaneret
429 1186 458 1242 in
482 1183 624 1253 castel10,
662 1186 734 1244 dum
758 1185 886 1260 Caesar,
917 1188 967 1246 cui
988 1187 1106 1247 Suriam
1130 1208 1200 1266 per·

158 1291 309 1366 mitteret,
333 1289 513 1378 consulitur.
557 1293 626 1350 Non
647 1303 786 1372 receptae
806 1291 1016 1371 condiciones,
1039 1315 1093 1354 nec
1116 1295 1200 1356 aliud

70 1427 72 1438 ·
104 1420 151 1472 sn¹
165 1411 370 1484 quamnattes
391 1411 541 1468 ettutum
561 1401 592 1458 in
615 1401 721 1460 urbem
743 1403 799 1462 iter
821 1423 996 1464 concessum
1019 1414 1073 1466 cst.

100 1493 159 1576 89
201 1506 241 1562 At
262 1503 389 1581 Romae,
435 1515 596 1586 postquam
626 1507 796 1566 Germanici
832 1504 970 1568 valitudo
1002 1507 1200 1588 percrebuit,

161 1619 333 1692 cunctaque
357 1622 391 1670 ut
412 1633 445 1670 ex
465 1611 632 1693 longinquo
656 1623 746 1672 aucta
770 1616 801 1672 in
827 1613 960 1679 deterius
980 1612 1199 1686 afferebantur,

146 1714 249 1774 'dolor
269 1718 333 1790 ira,
360 1727 390 1776 et
414 1715 613 1798 erumpebant
632 1729 766 1798 questus.
810 1719 882 1778 Ideo
910 1719 1056 1780 nimirum
1087 1725 1118 1782 in
1152 1745 1202 1784 ex-

161 1833 274 1884 tremus
293 1834 391 1909 terras
414 1821 604 1906 relegatum,
630 1823 698 1882 ideo
720 1825 824 1884 Pisoni
843 1816 1019 1906 ‘permissam
1047 1831 1202 1907 provinci-

105 1937 236 2008 15am3
259 1930 317 1994 hoc
340 1933 435 2012 egisse
455 1941 587 2022 secretos
605 1933 758 2014 Augustae
783 1955 852 1994 cum
869 1933 1017 2001 Plancina
1040 1957 1204 1998 sermones.

72 2115 75 2118 Ι
162 2037 245 2098 Vera
266 2059 389 2120 prorsus
409 2038 447 2112 de
466 2039 568 2098 Druso
589 2038 722 2102 seniores
744 2038 870 2100 locutos:
895 2039 1055 2122 displicere
1078 2063 1203 2124 regnan·

162 2147 243 2209 tibus
266 2146 368 2208 civilia
387 2145 524 2206 filiorum
544 2135 683 2229 ingenia,
710 2169 808 2228 neque
828 2148 869 2208 ob
900 2147 983 2210 aliud
1009 2151 1202 2230 interceptos,

159 2265 254 2338 'quarn
273 2255 344 2338 quia
373 2237 520 2334 populum
542 2255 833 2336 Romanumaequo
855 2255 922 2316 iure
952 2255 1113 2337 complecti
1133 2256 1203 2318 red-

164 2364 228 2430 dita
250 2364 393 2426 libertate
415 2367 605 2447 agitaverint.
630 2365 692 2424 Hos
714 2363 795 2446 vulgi
817 2387 973 2428 sermones
993 2367 1095 2428 audita
1121 2347 1204 2431 mors
1298 2398 1300 2403 v

102 2503 144 2548 20
168 2471 250 2560 adeo!
265 2472 422 2543 incendit,
444 2481 481 2530 ut
511 2482 581 2531 ante
604 2471 735 2532 edictum
756 2473 1001 2552 magistratuum,
1024 2483 1097 2536 ante
1117 2497 1205 2536 sena-

165 2589 214 2642 tus
234 2579 404 2642 consultum
426 2592 549 2664 sumpto
576 2580 694 2663 iustitio
720 2581 939 2644 desererentur
966 2585 1050 2662 fora,
1081 2583 1205 2647 claude-

142 2700 272 2760 «rentur
293 2689 412 2751 domus.
455 2691 574 2750 Passim
593 2689 711 2750 silentia
733 2700 763 2750 et
785 2694 936 2771 gemitus,
959 2691 1038 2754 nihil
1058 2696 1207 2774 composi,

163 2807 231 2874 tum
252 2798 284 2856 in
298 2799 550 2875 ostentationem,
572 2809 603 2859 et
623 2818 798 2880 quanquam
808 2820 905 2880 neque
918 2800 1086 2882 insignibus
1099 2802 1207 2882 lugen-

165 2908 243 2967 tium
260 2906 458 2982 abstinerent,
482 2907 574 2968 altius
596 2909 704 2986 animis
724 2907 910 2974 maerebant.
950 2910 1045 2970 Forte
1068 2913 1205 2992 negotia-

108 3017 149 3086 25
167 3027 269 3089 tores,
299 3019 424 3093 vivente
451 3017 553 3081 adhuc
584 3017 768 3088 Germanico
801 3019 892 3080 Suria
921 3019 1047 3100 egressi,
1080 3019 1207 3081 laetiora

168 3124 206 3186 de
227 3124 397 3192 ualitudine
417 3129 480 3187 cius
500 3127 636 3194 attulere·
678 3127 787 3194 Statim
804 3126 919 3192 credita
932 3173 940 3205 ,
953 3130 1061 3200 ¹statim
1084 3127 1217 3210 vulgata¹

168 3308 431 3332 “““““““““““““““““Ὶ

168 3374 293 3448 sonorem
312 3396 428 3475 alterins
445 3397 550 3465 praelii
569 3414 627 3448 non
644 3399 790 3465 acciperet.
809 3395 874 3460 XV,
899 3397 936 3448 13.
956 3393 1054 3468 quue
1075 3375 1208 3447 intentius

170 3492 314 3562 Vologeses
322 3469 445 3560 premere
455 3495 586 3555 obsessos,
599 3490 678 3543 modo
688 3493 794 3548 vallum
804 3492 944 3560 legionum
957 3489 1036 3546 ruodo
1053 3492 1207 3550 castellum,
1256 3492 1266 3504 “’

128 3586 132 3594 ’
169 3602 223 3654 quo
254 3584 371 3636 imbellis
401 3599 478 3638 aetas
514 3585 726 3657 dqseudehatur,
744 3603 927 3656 oppugnare,
946 3582 1210 3656 propiusincedens

169 3697 250 3750 qnam
270 3696 325 3732 mos
355 3683 486 3746 Partitis,
508 3687 534 3736 si
551 3685 758 3759 eaAtemerr‘tate
777 3683 878 3735 hostem
897 3683 928 3734 in
939 3683 1074 3752 praelium
1089 3682 1211 3736 eliceret.

242 3792 279 3844 iq.
302 3777 508 3844 cunctipatri,
529 3776 611 3830 erasis
630 3776 706 3831 vstbi
729 3775 927 3845 adfercbantur
945 3775 1045 3838 litteris
1063 3771 1207 3841 extremis:

171 3880 324 3949 currumque
344 3869 499 3930 Beroaldus.
