2900 4706
295 277 358 346 tur
693 251 915 340 ιιιιιιιιιιιι
998 319 1005 328 ,

47 518 51 526 ,
102 500 113 543 3
149 455 360 530 isc-fitium
380 459 570 544 suppeditet,
591 463 775 525 retenturos.
806 455 861 523 llis
883 456 1061 533 interritus,
1081 463 1111 514 et
1129 463 1217 536 parte
1240 454 1384 540 copim

296 590 384 632 mum
403 567 484 652 opud
504 567 623 628 Suriam
645 566 774 641 relicta,
796 576 833 628 ut
851 565 1039 627 munimenta
1059 559 1236 644 Euphrati
1226 581 1328 642 impo-

295 679 353 740 sita
369 679 591 754 retinerentur,
612 697 673 758 que
693 676 863 757 proximum
885 683 916 734 et
938 669 1155 732 commeatibus
1176 689 1238 730 nun
1257 689 1327 751 ege-
1415 651 1437 685 ‚r

295 805 396 858 num,
420 785 572 866 regionem
593 783 848 863 Commagenum,
881 780 948 840 exin
978 774 1222 860 Cappadociam,
1255 762 1328 834 iude

296 890 460 972 Armenios
493 891 610 972 petivit
651 887 880 950 comitabantur
907 885 1084 962 exercitum,
1118 891 1237 965 prueter
1269 878 1357 943 alias

295 1009 383 1074 sueto
401 995 506 1076 bello,
522 1016 631 1078 magna
652 999 697 1058 via
718 993 903 1069 camelorum
923 1002 1033 1054 ouusm
1052 989 1209 1067 frumeuti,
1229 998 1267 1049 ut
1284 988 1325 1052 si-

295 1102 360 1164 mul
387 1103 505 1166 hostem
534 1103 702 1186 famemque
738 1100 910 1185 depelleret.
959 1100 1098 1179 Primum
1126 1121 1161 1160 e·
1181 1093 1329 1180 perculsis

294 1209 435 1271 Pretium
455 1188 598 1292 primipili
619 1209 826 1272 centurionem
840 1207 964 1270 obvium
978 1205 1099 1284 hebuit,
1122 1203 1192 1266 dein
1213 1205 1324 1287 pleros·
1436 1213 1437 1274 g

295 1337 356 1398 que
374 1317 528 1392 militum,
549 1339 624 1401 quos
646 1317 779 1380 diversor
809 1316 897 1399 fugae
928 1335 1033 1376 causes
1054 1313 1251 1376 obtendentes
1269 1306 1324 1380 're-

294 1420 361 1482 dire
379 1421 418 1481 ad
438 1423 523 1503 signs
552 1434 583 1483 et
609 1421 799 1484 clementium
824 1421 912 1486 Paeti
941 1418 1080 1509 experiri
1098 1421 1265 1498 monebat,
1292 1439 1325 1484 sc
1346 1431 1378 1475 ¹⁰

294 1529 353 1590 uisi
368 1529 535 1591 victoribus
558 1530 705 1591 immitem
737 1549 812 1590 esse.
853 1525 950 1588 Simul
970 1547 1047 1589 'suus
1081 1523 1213 1608 legiones
1241 1525 1325 1587 adire
1436 1581 1437 1604 2

293 1632 434 1730 hortari,
457 1635 605 1717 ¹priorum
641 1635 822 1710 admonere,
854 1655 965 1699 novem
989 1633 1115 1717 gloriam
1154 1633 1325 1699 ostendere.

294 1739 362 1801 Nou
384 1743 463 1803 vicos
483 1752 538 1804 eut
562 1742 675 1826 oppido
711 1742 929 1808 Armeniorum
959 1740 1012 1802 sed
1052 1749 1150 1802 castra
1185 1741 1325 1807 Romane
1436 1723 1437 1734 ³

294 1847 458 1930 duosque
450 1871 480 1908 ιιι
502 1851 538 1910 iis
557 1847 690 1932 legiones
718 1849 854 1930 pretium
887 1845 1001 1908 loboris
1027 1847 1097 1927 peti.
1139 1844 1172 1906 Si
1199 1844 1345 1928 singulis
1436 1827 1437 1860 ³

293 1955 535 2038 manipularibus
560 1957 724 2038 praecipue
743 1958 852 2018 servati
887 1957 960 2018 ciris
980 1975 1094 2040 corona
1125 1955 1323 2040 imperatoria
1343 1947 1437 2016 ι5

294 2079 387 2134 manu
408 2060 613 2138 tribueretur,
635 2061 717 2144 quod
739 2059 815 2122 illud
835 2069 865 2122 et
884 2071 1031 2143 quantum
1051 2059 1163 2134 decus,
1183 2059 1239 2130 ubi
1268 2081 1325 2143 per

294 2187 399 2226 eurum
422 2187 564 2226 numerus
590 2165 824 2250 [apisceretur],
855 2169 908 2248 qui
937 2155 1111 2233 attulissent
1140 2165 1323 2234 salutemet
1419 2145 1422 2152 ,

292 2275 346 2355 qui
366 2262 574 2354 accepissent?
601 2271 657 2332 llis
687 2283 779 2353 etque
809 2273 919 2336 talibus
947 2273 979 2334 in
1013 2293 1173 2336 commune
1209 2271 1322 2341 alacres

295 2381 336 2454 (et
355 2368 446 2438 eruut
465 2396 541 2458 quos
562 2374 696 2459 periculo
716 2354 844 2438 fratrum
872 2387 926 2444 eut
945 2381 1183 2462 propinquorum
1203 2383 1321 2464 propri·

177 2531 179 2533 -
293 2482 320 2544 is
341 2483 467 2545 stimulis
487 2483 696 2564 incenderent)
715 2483 897 2548 continuum
917 2485 970 2549 diu
992 2497 1142 2570 noctuque
1171 2489 1228 2548 iter
1248 2509 1320 2570 pro·
1336 2510 1369 2550 ιο

292 2592 447 2676 perebant
497 2593 604 2708 Εόφιι
633 2593 778 2656 intentius
808 2593 970 2678 Vologeses
999 2616 1136 2677 premere
1166 2596 1301 2660 obsessos
1308 2587 1369 2668 ,13

292 2702 386 2764 modo
403 2687 526 2764 vellum'
541 2701 718 2785 legionum,
737 2701 829 2802 modo
842 2701 1013 2778 castellnm,
1035 2724 1096 2785 quo
1120 2703 1250 2766 imbellis
1268 2725 1320 2768 ae·
1436 2701 1437 2776 1

237 2808 239 2814 '
291 2807 338 2872 tas
359 2809 596 2886 defendebatur,
620 2831 810 2892 appugnare‚
836 2812 959 2892 propias
981 2809 1122 2872 incedens
1141 2831 1232 2892 quem
1254 2831 1319 2872 mos
1435 2803 1437 2870 l

286 2908 435 2992 -Panhis,
454 2901 529 2974 si'ea
551 2914 723 2976 temeritate
742 2913 859 2976 hostem
881 2916 912 2976 in
936 2894 1084 2996 proelium
1104 2913 1235 2982 eliceret.
1275 2915 1319 2976 At
1356 2989 1365 3001 ἢ
1436 2941 1437 3002 p

291 3021 336 3083 illi
358 3025 405 3084 vix
430 3021 640 3084 contuberniis
661 3023 806 3096 extracti,
830 3042 884 3083 uec
904 3021 988 3086 uliud
1014 3043 1105 3106 quem
1135 3019 1320 3086 munimenta
1337 3025 1372 3088 25

378 3247 404 3300 8.
421 3246 549 3302 Paccium
567 3248 617 3302 bl&
702 3241 709 3260 l
1000 3304 1004 3308 Ι

365 3356 403 3407 tp.
422 3339 563 3396 Sententia
581 3353 641 3407 est,
661 3347 684 3398 si
706 3360 776 3398 ιιιιιιι
794 3343 828 3398 de
847 3341 938 3395 multis
957 3357 1043 3396 unum
1073 3342 1159 3397 civem
1188 3347 1321 3396 servasset

290 3445 322 3483 tt
345 3439 487 3503 propterea
506 3453 605 3491 corona
624 3440 722 3504 civica,
752 3445 883 3508 tanquam
902 3439 1047 3508 praecipuo
1060 3437 1169 3490 virtutis
1186 3418 1319 3507 praemio,

288 3527 506 3598 ablmperatore
539 3529 707 3597 tlonuretur,
738 3534 813 3604 quod
848 3540 876 3585 et
900 3541 1033 3602 quantum
1057 3531 1160 3595 decus,
1189 3530 1238 3582 ubi
1269 3545 1318 3600 par

289 3623 453 3676 servantium
472 3641 502 3676 uc
520 3635 685 3682 servatorum
704 3643 841 3682 numerus.
877 3629 960 3681 Inane
974 3626 1058 3696 igitur
1076 3633 1105 3677 et
1121 3639 1317 3695 supervacuum

289 3721 330 3766 ‘tl
346 3715 457 3770 verbum
495 3724 687 3792 apisceretur,
721 3724 794 3794 quod
824 3726 939 3794 primum
976 3724 1139 3774 senteutiam
1178 3718 1316 3788 impedit,

288 3817 346 3860 tum
369 3811 474 3866 obiecto
498 3823 588 3881 earet,
608 3818 707 3872 deiude
729 3820 817 3872 alicua
837 3818 928 3880 iulert,
947 3832 1006 3868 cum
1038 3833 1094 3868 non
1118 3819 1204 3872 solum
1224 3827 1315 3868 serru-

287 3911 358 3959 tores
377 3907 522 3963 sedetiam
540 3911 639 3965 servati
658 3912 737 3968 docus
756 3913 826 3967 illud
844 3911 963 3989 pdipirei
984 3910 1114 3964 dicautur.
