2826 4730
197 249 279 362 '124
487 373 497 387 Ι
629 251 850 354 turrilum

70 466 96 536 (³
113 467 143 520 C·
162 469 367 560 ¹9·lpublicam
401 487 560 536 certarent.
602 475 744 535 Praelata
777 486 821 534 cst
844 473 992 536 Pollionis
1025 475 1085 535 filia
1116 497 1176 536 non
1211 479 1252 537 cb

212 584 321 664 aliud,
344 603 435 665 quam
461 582 545 663 quod
571 581 668 643 mater
686 585 750 642 eius
777 585 807 641 in
839 583 946 642 eodem
974 582 1116 664 coniugio
1145 605 1250 644 mane-

212 694 291 754 bat:
318 712 389 752 nam
414 688 547 771 Agrippa
576 689 701 752 discidio
724 690 848 750 domum
869 689 1072 752 imminuerat.
1115 681 1251 750 Et'Cae-

212 823 264 863 sar
284 801 427 884 quamvls,
451 799 655 880 posthabitam
688 799 788 860 decies
816 797 944 858 sestertii
965 797 1035 858 dote
1060 796 1173 858 solatus
1198 810 1252 858 est.
1287 803 1291 807 ’

213 909 374 972 Saevitiam
421 928 559 967 annonae
600 910 758 968 incusante
802 906 905 988 plebe,
948 907 1054 966 statuit
1097 905 1307 985 srurnent087

211 1016 354 1098 pretium,
377 1014 462 1095 ¹qnod
475 1027 591 1095 emptor
611 1015 773 1096 penderet,
796 1014 945 1094 binosque
966 1036 1105 1074 nummos
1123 1035 1155 1073 sc
1170 1013 1252 1074 addi-

211 1133 314 1182 turum
340 1121 577 1202 negotiatoribus
620 1120 650 1179 in
686 1097 817 1202 singulos
851 1120 978 1180 modios.
1020 1120 1124 1201 Neque
1150 1133 1250 1182 tamen

211 1231 251 1290 ob
266 1251 300 1290 ea
321 1231 453 1310 parentis
470 1230 587 1311 patriae
601 1227 732 1289 delatum
751 1241 780 1288 et
798 1239 885 1288 antea
897 1227 1077 1288 vocabulum
1093 1230 1254 1312 assumpsit

211 1337 384 1417 acerbeque
405 1337 554 1418 increpuit
575 1357 624 1398 eos
636 1383 645 1414 ,
672 1339 725 1418 qui
750 1337 868 1398 divinas
901 1341 1116 1420 occupationes
1136 1327 1253 1420 ipsum·

209 1465 269 1524 que
293 1442 448 1502 dominum
472 1443 620 1507 dixerant.
664 1444 757 1505 Unde
789 1455 918 1527 angusta
946 1456 976 1506 et
997 1444 1117 1506 lubrica
1154 1449 1251 1506 oratio
1275 1465 1308 1506 ro

211 1550 267 1612 sub
298 1537 462 1631 principe,
508 1551 560 1630 qui
602 1549 772 1612 libertatem
827 1551 997 1629 metuebat,
1042 1550 1250 1613 adulationem

210 1657 327 1719 oderat.
1135 1652 1137 1662 ¹

251 1769 381 1852 Reperio
402 1766 485 1848 apud
512 1767 676 1851 scriptores
704 1778 920 1849 senatoresque
942 1767 1109 1828 eorundem
1130 1747 1307 1856 tempo-88

211 1896 281 1935 rum
312 1873 528 1959 Adgandestrii
563 1877 706 1957 principis
733 1875 915 1936 Chattorum
956 1873 1048 1936 lectas
1080 1877 1112 1934 in
1142 1879 1250 1934 senatu

190 1967 346 2061 litteras,
368 1983 478 2066 quibus
500 1995 632 2043 mortem
655 1983 786 2043 Arminii
810 1981 1023 2066 promittebat,
1042 1985 1065 2043 si
1081 1983 1249 2064 patrandae
1273 1987 1307 2051 15

128 2077 129 2080 Ἴ
210 2093 277 2152 neci
305 2111 454 2151 venenum
479 2091 674 2176 mitteretur3
705 2113 942 2174 responsumque
968 2112 1114 2152 essenon
1143 2092 1253 2154 fraude

209 2219 307 2280 neque
330 2197 469 2278 occultis,
490 2200 542 2260 sed
562 2200 663 2283 palam
687 2212 717 2262 et
738 2213 888 2262 armatum
911 2199 1057 2284 populum
1077 2185 1251 2261 Romanum

209 2305 310 2388 hostes¹
347 2327 417 2366 suos
443 2305 558 2368 ulcisci.
613 2306 682 2384 Qua
724 2307 821 2389 gloria
852 2309 1002 2391 aequabat
1038 2329 1070 2370 se
1105 2309 1251 2369 Tiberius

208 2414 313 2497 priscis
340 2415 593 2496 imperatoribus,
622 2416 676 2498 qui
706 2437 858 2478 venenum
887 2420 919 2476 in
956 2416 1113 2499 Pyrrhum
1147 2439 1249 2502 regem

209 2533 367 2583 vetuerant
385 2524 669 2609 prodiderantquc.¹
704 2526 847 2588 Ceterum
876 2527 1034 2587 Arminius
1061 2526 1249 2586 abscedenti·
1267 2553 1305 2592 20

208 2631 266 2691 bus
279 2631 434 2708 Romanis,
453 2641 484 2692 et
502 2629 590 2713 pulso
604 2621 796 2695 Maroboduo
816 2653 943 2715 regnum
963 2632 1107 2694 affectans
1123 2628 1248 2692 liberta-

208 2748 271 2798 tem
292 2736 485 2826 popularium
514 2739 672 2802 adversam
695 2739 822 2816 habuit,
850 2742 1017 2820 petitusque
1043 2741 1154 2818 armis,
1176 2761 1248 2800 cum

208 2846 291 2904 varia
312 2843 437 2906 fortuna
463 2856 617 2925 certaret,
642 2847 714 2907 dolo
743 2849 985 2929 propinquorum
1011 2845 1134 2920 cecidit,
1169 2846 1246 2908 libe·

209 2960 297 3012 rator
326 2953 409 3013 baud
437 2953 530 3015 dubie
552 2957 760 3032 Germaniae,
787 2966 816 3016 et
839 2957 890 3036 qui
919 2976 979 3020 nou
998 2959 1166 3038 primordia
1191 2979 1248 3040 po-

207 3060 273 3142 puli
303 3045 432 3122 Romani
453 3066 530 3125 sicut
552 3064 604 3125 alii
631 3085 715 3148 reges
735 3065 905 3148 ducesque,
925 3065 977 3126 sed
995 3065 1243 3127 florentissimum
1268 3071 1307 3138 25
1399 3079 1400 3084 ’

207 3169 370 3249 imperium
391 3168 573 3250 lacessierit,
598 3173 718 3255 praeliis
743 3173 927 3256 ambiguus,
949 3171 1032 3235 bello
1053 3195 1115 3238 non
1138 3175 1246 3238 victus.

281 3421 320 3474 16.
340 3437 499 3490 responsum
518 3421 564 3475 M:
592 3435 802 3490 responsumque
822 3417 969 3470 lieltherus.
989 3447 1024 3460 -
1042 3420 1097 3470 Aut
1127 3419 1244 3475 Belleri

207 3514 362 3564 coniectura
382 3517 539 3586 adoptanda
559 3524 600 3566 est
619 3525 667 3568 aut
685 3514 817 3566 delendus
835 3515 989 3582 intinitipus
1008 3533 1075 3568 esse.
1119 3577 1121 3583 Α

277 3611 319 3666 26.
335 3610 452 3680 praeliis
466 3609 618 3678 ambiguus,
628 3609 703 3661 'delto
716 3626 773 3659 nors
791 3609 891 3677 victus]
912 3609 1001 3684 Multo
1017 3610 1105 3661 minor
1119 3612 1177 3662 laus
1197 3622 1246 3675 est,

208 3719 290 3772 quam
309 3701 408 3770 Pyrrho
435 3701 535 3752 tribuit
564 3700 669 3750 Livius:
700 3699 822 3766 Pyrrhus
845 3703 944 3754 unicus
974 3701 1098 3759 bellandi
1123 3707 1246 3776 artifex,

207 3797 347 3868 magisque
366 3797 397 3847 in
413 3795 524 3866 praelio
542 3795 666 3865 qrsamiu
686 3795 756 3848 bello
779 3795 873 3855 bonus,
910 3796 989 3849 Conl.
1019 3796 1187 3854 Niebubrius
1217 3802 1248 3855 in

207 3890 328 3944 Historia
354 3889 427 3938 Rom.
453 3888 491 3938 lll
519 3904 545 3956 p.
567 3890 627 3958 539.
