2826 4730
915 201 930 230 N

364 420 366 429 ,
420 324 498 392 ua
525 321 581 386 iv.
624 327 871 406 csr.1.a-1e
1032 317 1035 326 '
1104 335 1161 397 rm

51 486 59 496 ⁶
129 510 265 580 Drusum
280 475 383 568 isdem
407 507 452 568 dis
474 509 744 588 commendavere,
770 519 913 570 nontam
938 513 1063 572 caritate
1084 513 1203 600 inve-(a
1221 521 1315 591 Cat.)

128 617 520 706 rrum-quam'adulatione3
543 639 621 700 quae
643 621 779 680 moribus
798 619 951 701 corruptis
970 619 1095 702 perinde
1109 640 1168 714 an·
1245 681 1253 717 ,

127 741 217 802 ceps,
239 725 263 782 si
285 724 369 786 nulla
390 735 420 787 et
442 725 496 786 ubi
519 725 613 786 nimia
637 735 690 820 est.
733 727 812 788 Nam
837 726 979 787 Tiberius
1000 726 1083 786 haud
1106 749 1165 787 un·

125 850 218 912 quam
238 829 342 890 domui
365 833 537 894 Germanici
558 835 656 912 mitis,
678 845 744 893 tum
764 855 838 895 vero
849 835 972 916 aequari
987 833 1173 896 adulescen-'

90 939 171 1000 §tes
188 950 327 1002 senectae
349 963 420 1004 suae
441 946 636 1026 impatienter
659 943 810 1028 indoluit3
845 946 1017 1026 accitosque
1037 943 1162 1025 pontifi-

94 1071 173 1111 .·ces
194 1059 411 1131 percunctatus
435 1061 495 1128 est,
519 1072 593 1110 num
614 1049 647 1110 id
669 1049 811 1131 precibus
825 1048 1024 1144 ⁴Agrippinae
1038 1059 1092 1110 aut
1105 1033 1164 1110 mi-

125 1159 172 1218 nis
205 1155 393 1218 tribuissent.
444 1157 486 1218 Et
514 1155 563 1218 illi
591 1157 736 1239 quidem,
769 1169 944 1242 quanquam
971 1158 1161 1229 abnuerent,

13 1273 29 1330 1‘
125 1260 243 1324 modice
263 1265 417 1346 perstricti
445 1269 569 1342 (etenim
591 1287 661 1348 pars
690 1288 798 1350 magna
820 1289 839 1328 e
860 1270 1037 1350 propinquis
1069 1268 1165 1349 ipsius

14 1379 15 1384 ’
72 1388 80 1396 ·
125 1382 178 1432 aut
200 1372 351 1454 primores
372 1371 500 1432 civitatis
519 1363 633 1449 erentl:
670 1383 807 1433 ceterum
836 1375 866 1432 in
899 1384 1003 1434 senatu
1026 1375 1164 1434 oratione

13 1495 15 1564 }
70 1495 104 1534 ro
124 1479 240 1540 monuit
260 1481 291 1539 in
313 1489 492 1560 posterum,
524 1501 562 1538 ne
595 1481 662 1560 quis
691 1479 818 1540 mobiles
838 1471 1074 1541 adulescentium
1096 1487 1162 1543 ani·
1248 1519 1249 1526 κ

28 1605 30 1608 ’
122 1595 188 1646 mos
208 1587 408 1668 praematuris
429 1561 599 1646 honoribus
619 1583 659 1645 ad
681 1584 853 1665 superbiam
884 1583 1055 1646 extolleret.
1074 1591 1161 1648 '·ln.

122 1694 224 1754 stabat
256 1694 368 1775 quippe
397 1691 545 1769 Seianus,
576 1691 793 1772 incusabatque
823 1691 977 1770 diductam
994 1695 1161 1756 ‘civitatem
1245 1771 1250 1778 .

121 1808 157 1862 nt
179 1800 260 1862 civili
284 1799 390 1876 bello,
426 1819 491 1860 esse
520 1799 571 1880 qui
602 1819 633 1858 se
656 1799 788 1879 partium
814 1798 1003 1881 Agrippinae
1025 1785 1160 1882 vocarit,

125 1929 160 1966 ae
186 1905 426 1984 nitroststarur,
459 1906 524 1966 fore
547 1905 665 1986 pluris3
699 1927 798 1986 neque
818 1905 899 1966 aliud
921 1906 1076 1990 gliscentis
1100 1912 1161 1972 dis·
1198 1883 1210 1900 l

14 2073 15 2076 ,
68 2003 100 2064 ¹5
123 2013 246 2074 cordiae
266 2003 453 2090 r‘emedium,
484 2012 629 2094 quamsi
652 2001 730 2074 tritus
750 2013 866 2074 alterve
883 2017 1013 2077 maxime
1027 2018 1159 2100 prompti

68 2098 385 2182 lsssubverterentur.
443 2121 512 2199 Qua
539 2141 628 2180 eausa
653 2119 764 2188 Gaium
787 2119 894 2180 Silium
914 2133 944 2182 et
965 2123 1082 2184 Titium
1102 2125 1158 2187 Sa·

120 2229 226 2288 binum
249 2227 436 2309 adgreditm,
462 2219 616 2288 ¹Amicitia
641 2227 816 2288 Germanici
836 2232 1004 2310 perniciosa
1025 2235 1158 2315 utrique,

120 2335 194 2396 Silio
217 2345 247 2396 et
267 2335 351 2416 quod
368 2320 501 2416 ingentis
519 2335 668 2396 exercitus
690 2347 802 2418 septem
826 2359 880 2420 per
899 2359 994 2400 annos
1014 2339 1158 2402 modera-

120 2456 191 2518 tor,
224 2447 379 2526 partisque
398 2444 478 2526 apud
500 2429 700 2505 Germaniam
720 2445 956 2526 triumphalibus
986 2449 1157 2512 Sacroviri·
1202 2463 1205 2473 ’

66 2557 101 2600 ²⁰
122 2549 171 2610 ani
191 2550 263 2611 belli
287 2552 406 2624 victor,
430 2560 545 2631 quanto
567 2550 681 2610 maiore
701 2550 780 2610 mole
803 2552 1156 2634 procideret,plusfor-

117 2655 251 2719 midinis·
263 2659 295 2716 in
316 2657 398 2718 alios·
415 2655 658 2740 dispergebatur.
677 2660 681 2670 ’
702 2658 876 2737 Credebant
885 2658 1020 2742 plerique
1037 2673 1155 2722 auctam

116 2765 314 2834 offensionem
336 2767 431 2848 ipsius
448 2767 707 2856 intemperantia,
729 2765 1043 2827 immodice'iactantis
1067 2791 1154 2830 suum

67 2905 69 2915 =
116 2875 245 2936 militem
265 2877 297 2935 in
319 2874 463 2956 obsequio
486 2873 660 2953 duravisse,
682 2895 752 2934 cum
773 2873 823 2934 alii
846 2875 884 2934 ad
905 2875 1068 2936 seditiones
1083 2897 1153 2956 pro·
1224 2894 1234 2932 't

117 2961 323 3061 laberentur·;¹
358 2995 458 3064 ,neque
488 3001 667 3042 mansurum
698 2981 824 3042 Tiberio
851 2984 1032 3068 imperium,
1066 2985 1098 3064 si
1119 2985 1156 3045 iia

66 3083 237 3173 abquoque
265 3087 573 3172 legionibuskcupido
602 3087 736 3149 novandi
768 3087 881 3152 fuisset.
944 3091 1069 3152 Destrui
1101 3115 1158 3175 per

116 3199 191 3260 lraee
205 3241 212 3249 .,
223 3199 379 3258 fortunam
408 3215 493 3255 suam
523 3195 652 3267 Caesar,
690 3198 900 3279 imparemque
926 3208 1012 3260 tanto
1045 3203 1154 3264 merito

116 3305 254 3366 rebatur.
295 3286 376 3362 Nam
398 3289 550 3363 beneficia·
569 3323 604 3360 eo
626 3322 722 3382 usque
742 3299 820 3377 laeta
840 3313 931 3382 sunt,
954 3303 1027 3364 dum
1047 3308 1153 3370 viden-

116 3423 168 3472 tur
189 3386 305 3472 exsolvi
320 3391 424 3490 posse:
448 3409 508 3468 ubi·
524 3407 653 3468 multum
675 3418 883 3490 antevenere,
904 3411 1071 3492 pro'gratia
1084 3397 1153 3474 odi-¹

361 3531 362 3534 ’
1142 3535 1149 3568 Ι

116 3620 390 3639 -μ-..ι--ιιὰ

95 3774 97 3791 “
146 3770 207 3832 aa.
226 3769 341 3820 Destrui
361 3785 412 3837 per
430 3767 497 3821 baec
507 3767 657 3839 fortunam
676 3787 769 3830 suam,
797 3770 813 3818 i.
844 3785 868 3821 a.
895 3770 1030 3824 fortunam
1058 3774 1111 3837 sibi
1135 3792 1149 3826 a

118 3861 158 3913 dis
176 3877 330 3913 concessam
349 3868 377 3912 et
394 3858 482 3910 adhue
502 3860 535 3909 ab
556 3860 714 3913 hominibus
734 3861 862 3915 creditam
881 3881 929 3934 per
947 3864 1014 3917 haec
1039 3865 1148 3918 ostendi

117 3963 245 4026 tanquam
265 3971 360 4008 ranam
380 3973 410 4008 ac
428 3955 539 4008 nullam.

1094 4057 1101 4085 l
