2862 4730
425 306 621 370 unu
666 305 918 372 cnr.1a-19.
1154 307 1195 372 ru

149 515 242 577 eques
264 502 431 576 postremos
451 494 487 552 tte
508 488 604 550 latera
625 489 758 572 iruptlit.
803 489 977 570 ltlirumque
997 487 1099 560 dictu,
1136 487 1198 548 ‹luo
1215 491 1243 560 (a
1256 489 1285 544 C.
1297 491 1348 563 ια)

148 602 285 670 hostium
306 599 428 683 agmina
448 597 569 660 diversa
596 597 688 682 fuga,
714 598 775 680 xqui
807 595 917 658 silvam
947 606 1130 668 tenuerant,
1167 597 1198 656 in

126 687 128 694 ,
148 718 255 792 aperta
265 753 277 785 ,
298 703 359 787 qui
382 707 496 786 eampis
519 703 718 784 adstiterunt,
742 706 773 766 iu
793 705 901 767 silvam
919 705 1081 794 ruebant.¹
1104 703 1199 765 Medii

148 817 232 880 iuter
251 813 310 880 bos
335 812 483 902 Obernsci
505 812 634 876 collibus
655 813 900 896 denudabantur
915 807 927 894 3'
951 817 1126 894 intorques
1151 813 1200 872 in-

111 922 240 1004 §signis
262 918 423 982 Arminius
445 940 537 980 manu
564 941 639 982 voce
673 919 801 982 vulnere
831 917 1022 982 sustentabat
1049 941 1199 1003 pugnum.
1223 963 1226 970 ,

153 1029 402 1112 Incubueratque
420 1030 602 1113 sagittariis,
627 1027 678 1090 illa
698 1041 864 1112 rupturus,
888 1031 920 1090 ni
942 1031 1109 1091 Raetorum
1121 1019 1203 1090 Vin·
1221 1083 1228 1102 Χ

151 1135 384 1220 delirorumque
405 1149 437 1200 et
459 1136 595 1200 Gallicae
615 1137 756 1212 cobortes
778 1141 863 1221 signa
889 1137 1077 1203 obiecissent.
1127 1139 1201 1200 Nisa

151 1252 254 1302 tamen
276 1219 415 1326 corporb
436 1253 466 1306 et
490 1245 604 1327 impetu
631 1247 701 1326 equi
715 1222 869 1326 pervasit,
894 1242 1007 1306 oblitus
1022 1245 1130 1306 faciem
1145 1265 1201 1306 suo
1259 1307 1260 1310 ,

110 1371 280 1429 memore,
303 1374 344 1414 ne
364 1364 553 1414 nosceretur.
604 1353 738 1430 Quidam
760 1355 897 1436 agnitum
920 1373 937 1412 a
964 1341 1096 1416 Chaucis
1121 1354 1202 1415 inter

102 1479 141 1524 to
153 1463 264 1526 auxilia
285 1464 425 1524 Romana
444 1460 605 1542 agentibus
625 1459 829 1541 emissumque
849 1459 1050 1526 tradiderunt.
1091 1462 1202 1524 Virtus
1312 1487 1319 1499 ·

150 1596 205 1638 seu
225 1575 309 1638 fraus
332 1570 439 1634 eadem
460 1571 655 1652 Inguiomero
675 1568 821 1652 effugium
835 1567 949 1630 ‘dedite
973 1571 1067 1631 ceteri
1090 1573 1202 1654 passim

150 1681 324 1748 trucidati..
358 1677 402 1740 Et
422 1677 587 1760 plerusque
604 1687 734 1738 tranare
753 1678 913 1760 Visurgim
936 1691 1081 1740 conantes
1092 1682 1202 1742 iniecta

151 1790 213 1852 tela
235 1797 291 1852 aut
306 1788 352 1850 vis
375 1787 530 1860 fluminis,
557 1783 1203 1870 postremomolesruentium,etincidentes

140 1897 237 1978 ripae
259 1915 425 1978 operuere.
478 1883 612 1972 Quicum
642 1894 727 1976 turpi
758 1894 830 1978 fugo
856 1896 889 1956 iu
914 1914 1033 1958 summa
1053 1889 1202 1960 arborum

99 2004 232 2084 abnui,
264 1989 419 2086 ramisque
440 2023 472 2064 se
493 2001 700 2080 occultantes,
732 2001 863 2064 admotis
885 2003 1050 2086 sagittariis
1074 2027 1130 2088 per
1150 2008 1202 2068 lu.
1309 2033 1320 2046 ,

150 2112 289 2174 dibrium
308 2111 498 2194 figebantur;
529 2107 608 2169 alios
630 2118 776 2189 prorutae
798 2109 924 2172 arbores
949 2110 1090 2177 afflixere.
1134 2114 1202 2174 Ma·

91 2219 214 2303 218gna
239 2240 273 2280 ea
296 2219 423 2282 viatoria
444 2237 544 2299 neque
563 2225 692 2278 cruenta
711 2216 800 2276 nobis
816 2217 885 2278 finit.
931 2219 1046 2297 Quinta
1073 2219 1113 2282 ab
1126 2221 1203 2284 hora

151 2329 212 2392 diei
225 2328 266 2390 ad
278 2303 398 2390 noctem
413 2328 491 2388 oaesi
502 2326 605 2386 hostes
619 2323 723 2386 decem
739 2324 823 2386 milia
842 2345 984 2408 passuum
1002 2329 1202 2395 cadaveribus

152 2447 244 2519 atquc
264 2435 356 2498 aunis
379 2433 563 2517 opplevere,
584 2418 711 2516 repertis
733 2433 818 2494 inter
836 2437 931 2518 spolia
954 2458 1059 2498 eorum
1075 2442 1202 2522 catenis,
1289 2453 1291 2459 “

103 2566 232 2628 20quns
253 2547 284 2612 ln
307 2545 462 2630 Romanos
484 2553 603 2603 utnon
627 2541 722 2602 dubio
747 2553 858 2604 eventu
882 2555 1087 2625 portaverant.
1141 2551 1202 2612 Mi·

157 2653 202 2714 les
221 2653 253 2717 in
277 2651 348 2714 loco
364 2649 480 2734 praelii
499 2649 662 2710 Tiberium
685 2639 1085 2732 imperatorcm‘salutavit,
1120 2667 1202 2718 stru-

154 2755 263 2845 aitque
282 2779 446 2844 aggerem,
476 2761 557 2820 etin
578 2758 705 2820 modum
720 2769 920 2841 tropaeorum
941 2781 1025 2820 arma
1045 2762 1201 2844 subscrip-

103 2859 368 2938 illuminatum
390 2871 526 2952 gentium
547 2867 721 2930 nominibus
743 2868 896 2950 imposuit.
949 2869 1041 2930 Haud
1072 2872 1202 2953 perinde

155 2985 330 3046 Germanos
351 2979 478 3042 vulnera
500 2978 602 3041 luctus
622 2978 737 3041 excidia
758 2999 850 3062 quam
872 2999 906 3040 ea
927 2978 1157 3061 speciesdolore
1172 2991 1202 3040 et

110 3075 203 3162 nSira
225 3091 335 3152 affecit,
377 3085 554 3167 Quimodo
575 3085 660 3147 abire
677 3085 821 3165 sedibus,
857 3097 942 3148 trans
969 3085 1075 3147 Albim
1094 3105 1202 3150 couce-

144 3201 230 3262 ¹(bre
252 3195 424 3281 parabant,
448 3215 584 3277 pugnam
607 3192 733 3270 volunt,
759 3213 844 3258 arma
857 3195 999 3276 rapiuntr
1021 3194 1123 3276 plebes
1137 3197 1201 3276 pri-

157 3329 282 3381 mores,
316 3307 472 3368 iuventus
489 3323 576 3366 sanes
600 3323 718 3386 agmen
747 3293 921 3388 Romanum
942 3315 1076 3384 repente
1100 3303 1202 3363 iucur-

145 3428 227 3478 *sant
248 3414 390 3488 turbant3
428 3423 582 3494 postremo
610 3409 749 3495 deligunt
776 3411 876 3472 locum
907 3409 1041 3472 llumine
1066 3422 1097 3472 et
1120 3409 1202 3473 silvis

159 3525 316 3598 clausurn,
340 3533 406 3583 arta
426 3521 646 3606 intusplanitie
667 3530 699 3582 et
720 3511 871 3588 hmida:
894 3519 987 3582 silvas
1004 3541 1202 3603 quoquepra·
1229 3608 1233 3610 -

117 3631 253 3694 infanda
274 3629 361 3714 palus
380 3631 538 3711 ambibat,
561 3631 620 3692 uisi
639 3629 723 3714 qupd
746 3627 824 3690 latus
843 3649 940 3690 unum
951 3626 1203 3711 Angrivariilato

162 3761 270 3824 aggere
294 3738 487 3819 extulerant,
508 3759 571 3823 quo
592 3759 613 3807 a
633 3735 794 3805 Cheruscis
804 3737 1055 3804 dirimerentur:
1078 3739 1202 3820 Hicpe·

231 3966 464 4040 nemphrot-rem
483 3967 518 4018 Μ.
553 3981 556 3990 ’
