2900 4724
282 282 342 346 352
426 301 436 316 ·
682 272 904 336 ANNALIUM

137 453 164 524 (Ι
180 453 200 508 C
216 453 422 528 5⁵·lercendis
442 457 523 539 apud
546 458 697 516 aerarium
719 453 901 515 sectionibus
922 449 1050 517 famosus
1081 465 1111 516 et
1133 459 1199 510 tum
1222 451 1311 508 rani·

281 566 351 627 tatis
369 565 551 627 manufestus.
593 564 657 624 Nee
679 573 742 622 tam
765 572 851 642 grata
863 558 1007 622 Pallantis
1027 559 1196 620 innocentia
1215 577 1310 638 quam

278 672 384 754 gravis
403 674 544 754 superbia
563 673 639 732 suit:
664 671 775 751 quippe
801 667 966 728 nominatis
982 666 1100 728 libertis
1122 667 1208 744 eius,
1230 686 1308 748 quos

279 781 416 840 conscios
435 780 579 854 baberet,
615 777 770 858 respondit
806 773 882 834 nihil
907 795 1041 854 unquam
1074 794 1105 834 se
1136 773 1222 834 domi
1248 776 1307 834 nisi

281 901 359 948 nutu
379 899 431 948 aut
452 909 544 948 manu
560 887 757 967 significasse,
779 882 828 944 vel
849 885 875 944 si
898 881 987 962 plura
1007 879 1238 966 demonstranda
1259 865 1346 942 es-5

282 1008 359 1071 seut,
384 997 496 1078 scripto
516 1017 614 1068 usum,
636 1016 674 1054 ne
693 1013 796 1052 vocem
811 994 1008 1055 consociaret.
1049 979 1177 1064 burrus,
1199 1007 1308 1070 quam·

282 1108 326 1166 vis
346 1126 436 1180 reus,
458 1105 538 1164 inter
559 1103 675 1162 iudices
697 1104 879 1162 sententiam
899 1099 982 1160 dixit.
1031 1097 1238 1178 Exsiliumque
1254 1117 1309 1158 ec-

279 1215 414 1272 cnsatori
435 1213 622 1292 irrogatum,
647 1221 677 1270 et
703 1207 825 1268 tabulae
851 1214 972 1268 exustae
998 1213 1089 1281 sunt,
1116 1203 1229 1286 quibus
1248 1203 1307 1264 ob·

278 1318 413 1380 litterata
434 1320 547 1380 aerarii
568 1303 752 1380 monimenta
774 1315 958 1378 retrahebat.

360 1423 438 1484 Fine
458 1425 528 1482 anui
558 1425 647 1484 statio
669 1423 801 1484 cohortis
828 1420 960 1482 assidere
988 1419 1067 1482 ludis
1092 1419 1179 1488 solita
1200 1398 1363 1481 demo-24

279 1538 388 1600 setin,
409 1548 471 1608 quo
492 1531 591 1590 maior
613 1531 722 1609 speeies
740 1529 888 1592 libertatis
909 1537 995 1602 esset,
1016 1537 1110 1607 utque
1131 1526 1218 1600 miles
1238 1527 1306 1588 tbe·

278 1633 369 1694 atrali
390 1635 507 1696 licentia
527 1657 591 1698 non
613 1637 777 1717 permixtus
791 1636 998 1717 incorruptior
1015 1649 1128 1716 ageret,
1152 1645 1182 1694 et
1201 1632 1305 1717 plebes

277 1741 366 1806 daret
384 1744 643 1823 experimentum,
665 1763 703 1802 an
724 1741 831 1802 amotis
850 1741 1023 1801 custodibus
1053 1739 1230 1800 modestiam
1253 1761 1304 1800 re·

278 1845 400 1906 tineret.
444 1846 566 1908 Urbem
584 1847 723 1926 priceps
742 1839 884 1906 lustravit
903 1867 920 1906 e
941 1867 1085 1926 responso
1102 1846 1305 1928 haruspicum,
1329 1837 1364 1897 ¹5

277 1953 360 2036 quod
382 1955 463 2013 lovis
481 1974 517 2012 ac
536 1955 693 2013 Minervae
715 1953 802 2014 aedes
820 1953 859 2014 de
878 1951 961 2014 caelo
975 1965 1073 2014 tactae
1087 1965 1183 2018 erant.

133 2061 281 2132 (nunno)
362 2061 478 2137 Quinto
503 2056 630 2120 Volusio
652 2058 762 2120 Publio
785 2059 924 2139 Scipione
944 2061 1118 2122 consulibus
1138 2060 1235 2122 otium
1259 2045 1363 2127 sabb

131 2155 159 2226 (a
174 2155 266 2229 C·56·)
276 2166 340 2242 ris,
359 2164 446 2223 foeda
466 2163 548 2223 domi
568 2163 690 2224 lascivia
700 2211 710 2242 ,
734 2187 794 2245 qua
818 2164 904 2236 Nero
936 2165 1041 2226 itinera
1062 2167 1147 2228 urbis
1167 2179 1198 2228 et
1218 2167 1306 2252 lupa·

278 2272 366 2332 naria
392 2279 423 2330 et
451 2267 638 2330 deverticula
671 2280 752 2352 veste
779 2269 937 2359 servililiu
960 2271 1226 2338 dissimulationem
1260 2280 1306 2338 sui

278 2375 461 2459 compositus
487 2376 684 2458 pererrabat,
717 2379 933 2440 comitantibus
954 2385 1006 2461 qui
1028 2393 1171 2464 raperent
1197 2385 1303 2448 vendi·
1322 2406 1361 2445 ao

278 2485 353 2546 tioni
372 2485 505 2566 exposita
525 2495 556 2546 et
583 2484 681 2546 obviis
702 2485 832 2546 vulnera
856 2485 1023 2564 inferrent,
1051 2488 1196 2550 adversus
1220 2491 1306 2572 igna-

279 2615 332 2673 ros
352 2593 439 2666 adeo,
461 2603 496 2652 ut
517 2593 582 2674 ipse
600 2613 721 2674 quoque
734 2591 885 2674 exciperet
905 2595 982 2654 ictus
1002 2605 1032 2654 et
1053 2614 1108 2654 ore
1129 2595 1306 2676 praeferret.

187 2781 192 2785 Ι
278 2702 398 2766 Deinde
419 2699 473 2760 ubi
491 2701 651 2762 Caesarem
673 2721 737 2761 esse
756 2701 809 2780 qui
830 2711 1018 2782 grassaretur
1037 2703 1204 2781 pernotuit,
1219 2725 1305 2786 auge·

278 2810 452 2892 banturque
471 2809 598 2868 iniuriae
621 2808 765 2868 adversus
785 2810 868 2868 viros
887 2809 1072 2890 feminasque
1102 2811 1248 2892 insignes,
1274 2824 1305 2872 et

208 2902 210 2907 ¹
277 2918 400 2999 quidam
419 2919 563 2998 permissa
585 2915 677 2976 semel
705 2916 825 2978 licentia
845 2915 902 2976 sub
917 2922 1038 2980 nomine
1060 2917 1190 2978 Neronis
1212 2918 1303 2980 inulti
1320 2920 1358 2982 25

279 3026 411 3106 propriis
432 3044 502 3082 cum
523 3022 619 3104 globis
635 3024 739 3084 eadem
761 3023 959 3101 exercebant,
986 3035 1017 3086 et
1038 3026 1068 3086 iu
1084 3023 1217 3090 modum
1231 3047 1304 3107 eap-

277 3128 403 3189 tivitntis
421 3149 480 3186 nox
503 3127 664 3208 agebatur,
698 3128 790 3186 lulius
821 3127 944 3207 quidem
967 3131 1130 3190 Montanus
1155 3137 1304 3195 senatorii

278 3237 417 3313 ordinis,
438 3233 491 3294 sed
505 3235 559 3315 qui
579 3235 715 3296 nondum
736 3233 884 3294 bonorem
906 3238 1096 3319 capessisset,
1124 3259 1304 3320 congressus

278 3343 358 3404 sorte
375 3364 431 3425 per
453 3341 595 3402 tenebras
614 3362 684 3400 cum
705 3341 854 3421 principe,
874 3345 945 3424 quia
969 3345 999 3403 vi
1014 3354 1211 3404 attentantem
1231 3349 1306 3408 acri·

277 3459 325 3510 ter
357 3449 549 3531 reppulerat,
579 3447 689 3508 deinde
720 3447 857 3528 agnitum
893 3461 1051 3530 oraverat,
1082 3453 1168 3534 quasi
1194 3472 1307 3536 expro·
1323 3447 1359 3506 3⁰
1420 3509 1421 3514 ,

367 3623 391 3674 7.
409 3604 612 3676 auxiliumque,
627 3609 654 3654 et
672 3621 697 3670 9.
718 3619 748 3656 ιο
774 3605 959 3659 retrahebant.
968 3607 1060 3676 finem
1077 3609 1127 3662 Μῑ.

348 3700 391 3756 25.
410 3712 436 3750 st
453 3697 494 3774 ip]
517 3700 557 3749 .T.
578 3701 627 3754 Ma.
645 3698 716 3748 id'cm
737 3704 778 3753 28.
798 3675 945 3770 congressi.

348 3808 391 3858 ²9·
411 3793 480 3860 quia
498 3794 543 3845 vie
561 3794 615 3850 (vel
633 3795 682 3866 qui
699 3796 779 3862 avia)
794 3807 966 3863 temptantem
984 3798 1035 3858 M..

348 3887 388 3936 30.
408 3883 584 3956 adegrinum,
603 3897 630 3939 rt
647 3906 709 3939 mox
728 3904 784 3941 tum
802 3905 850 3958 pro
870 3901 958 3944 autem
975 3893 1027 3948 Mt.
