2900 4724
660 353 877 428 ANNALIUM

18 516 20 528 l
49 603 51 611 λ
88 529 114 600 (²
132 517 224 609 Cliti)
239 538 349 623 Aquila
371 552 400 602 et
423 539 516 623 Cotys
534 584 545 619 ,
564 541 634 622 quia
654 541 796 601 Zorsines
817 541 990 600 Siracorum
1012 559 1063 601 rex
1085 542 1204 602 hostilia
1225 563 1266 602 re·

160 647 164 654 ’
231 659 407 730 sumpserat,
432 661 567 709 externas
588 660 617 708 et
640 649 695 728 ipsi
718 649 832 728 gratias
853 651 1027 728 quaesivere
1047 649 1141 709 missis
1163 649 1265 731 legatis

228 757 265 816 ad
287 758 463 832 Eunonen,
488 757 541 838 qui
569 756 762 816 Adorsorum
785 758 867 837 genti
889 755 1096 836 praecellebat.
1125 757 1189 818 Nec
1209 757 1267 817 fuit

227 863 258 920 in
280 861 375 922 arduo
398 863 548 936 societas,
570 866 735 943 potentiam
759 863 926 922 Romanam
948 863 1097 924 adversus
1118 863 1264 924 rebellem

227 968 424 1029 Mithridaten
458 971 692 1030 ostentantibus.
752 971 847 1051 Igitur
882 970 1042 1052 pepigere,
1072 961 1297 1052 equestribus5

225 1073 345 1154 praeliis
365 1075 508 1136 Eunones
527 1087 680 1154 certaret,
696 1077 812 1138 obsidia
834 1078 961 1138 urbium
975 1079 1105 1138 Romani
1126 1099 1262 1160 capesse·

228 1194 307 1245 rent.
349 1183 438 1244 Tunc
459 1187 624 1266 composito
646 1186 773 1266 agmine
787 1187 946 1260 incedunt;
967 1189 1051 1246 cuius
1072 1185 1205 1246 frontem
1232 1173 1319 1253 etlss
1353 1177 1354 1189 ¹

225 1297 311 1370 terga
355 1289 483 1367 Adorsi,
515 1291 615 1351 media
648 1291 787 1352 cohortes
824 1303 855 1353 et
883 1291 1046 1374 Bosporani
1079 1293 1262 1353 tutabantur

225 1398 334 1455 nostris
356 1397 386 1454 in
418 1395 525 1454 aruris.
569 1397 619 1456 Sic
654 1393 758 1478 pulsus
788 1396 898 1473 hostiS,
931 1407 1120 1478 ventumque
1155 1399 1261 1458 Sozam

225 1499 374 1581 oppidum
393 1499 602 1580 Dandaricae,
625 1501 708 1583 quod
732 1502 887 1563 desertum
909 1525 928 1563 a
943 1501 1123 1562 Mithridate
1143 1504 1183 1563 ob
1203 1525 1261 1563 am·
1285 1513 1322 1554 ¹0

114 1639 118 1647 =
223 1607 329 1689 biguos
349 1591 545 1690 popularium
567 1611 686 1670 animos
707 1610 840 1670 obtineri
859 1611 963 1670 relicto
986 1609 1031 1668 ibi
1052 1609 1200 1690 praesidio
1214 1613 1260 1671 vi-

224 1717 298 1774 s'um.
339 1715 416 1776 Exin
437 1716 466 1774 iu
483 1715 602 1776 Siracos
624 1725 768 1796 pergunt,
790 1726 820 1776 et
841 1715 1021 1795 transgressi
1043 1735 1162 1774 amnem
1180 1717 1261 1776 Pan·

225 1821 293 1882 dam
308 1823 557 1885 «circumveniunt
576 1825 685 1884 urbem
706 1821 831 1904 Uspen,
856 1822 967 1882 editam
1000 1820 1068 1880 loco
1095 1831 1125 1880 et
1146 1823 1261 1881 moeni·

223 1929 281 1988 bus
300 1949 335 1988 ao
356 1929 442 1988 fossis
464 1931 631 2005 munitam,
666 1930 723 1988 nisi
754 1930 838 2011 quod
857 1933 987 2018 'moenia
1018 1950 1080 1988 non
1108 1949 1179 1989 saxo
1210 1929 1261 1990 sed

223 2039 358 2098 cratibus
383 2049 412 2096 et
435 2037 593 2114 vimentis,
616 2061 651 2097 ac
678 2038 777 2098 media
806 2039 920 2114 huma,
951 2037 1111 2099 adversum
1141 2035 1258 2094 iarum·
1284 2039 1321 2101 15

223 2156 327 2233 pentes
347 2143 480 2204 invalida
506 2157 613 2223 eraut,
636 2144 820 2228 eductaeque
843 2145 932 2205 altius
953 2155 1055 2206 turres
1076 2143 1192 2204 facibus
1213 2153 1261 2204 at-

222 2274 281 2333 que
301 2251 394 2312 hastis
414 2247 758 2314 turbabaat'obsessos.'
796 2256 842 2314 Ac
864 2257 896 2314 ni
916 2255 1070 2336 praelium
1093 2275 1152 2314 nox
1172 2254 1257 2314 dire.

222 2361 340 2430 misset‚
367 2369 472 2438 coepta
492 2367 670 2442 patrataque
700 2363 881 2444 expugnatio
903 2361 1035 2421 eundem
1066 2363 1146 2420 intra
1176 2357 1256 2419 diem

189 2533 193 2539 .
222 2463 310 2523 foret.
352 2465 478 2525 Postero
500 2469 610 2527 misere
639 2467 769 2549 legatos,
803 2472 925 2530 veniam
946 2467 1050 2528 liberis
1078 2467 1314 2548 corporibas17

222 2581 363 2632 orantes:
386 2572 504 2633 servitii
526 2573 632 2634 decem
656 2571 742 2635 milia
767 2563 945 2641 offerebant.
988 2573 1080 2652 Quod
1105 2573 1255 2654 aspernati
1278 2589 1319 2632 aa

222 2689 293 2740 suut
326 2683 472 2758 victores,
506 2685 577 2765 quia
613 2683 771 2744 trucidare
809 2684 927 2745 deditos
956 2701 1100 2758 saevum,
1137 2691 1253 2741 tantam

221 2785 449 2850 multitudinem
462 2790 599 2851 custodia
612 2793 735 2874 cingere
753 2793 895 2870 arduum,
917 2802 950 2850 ut
971 2789 1044 2850 belli
1065 2791 1165 2870 potius
1187 2790 1251 2850 iure

222 2895 376 2963 caderent.
420 2899 594 2980 Datumque
622 2897 786 2978 militibus,
808 2899 860 2980 qui
896 2895 1182 2971 scalisevaserant,
1214 2894 1257 2954 si·

222 3025 317 3083 guum
340 3005 450 3065 caedis.
493 3005 619 3067 Excidio
641 3005 827 3088 Uspensium
850 3015 948 3064 metus
984 3003 1092 3063 ceteris
1111 3002 1255 3080 iniectus,

222 3110 298 3170 nihil
320 3121 420 3171 tutum
440 3115 535 3186 ratis,
569 3133 638 3172 cum
666 3133 750 3171 arma
788 3109 994 3186 munimenta,
1032 3107 1168 3189 impediti
1204 3107 1253 3168 vel
1274 3111 1316 3174 25

220 3220 384 3279 eminentes
406 3217 489 3295 loci,
520 3239 683 3299 amnesque
705 3229 735 3277 et
756 3217 849 3276 urbes
869 3219 951 3276 iuxta
969 3223 1252 3298 perrumperentur.

222 3328 320 3406 Igitur
340 3327 501 3396 Zorsines,
524 3323 577 3384 diu
596 3327 743 3404 pensitato
757 3323 979 3385 Mithridatisne
1000 3321 1091 3384 rebus
1111 3323 1254 3383 extremis

222 3454 260 3490 aa
285 3433 383 3513 patrio
404 3453 494 3513 regno
511 3430 702 3503 consuleret,
738 3440 896 3512 postquam
928 3429 1100 3511 praevaluit
1129 3431 1254 3511 gentilis

223 3539 356 3616 utilitas,
380 3537 458 3598 datis
476 3537 631 3599 obsidibus
652 3537 733 3619 apud
757 3537 887 3621 effigiem
908 3537 1045 3600 Caesaris
1068 3535 1251 3621 procubuit,

224 3703 517 3722 ——nnn—-v-—Q-

298 3786 333 3836 15.
350 3784 474 3852 gratibus
497 3798 523 3837 et
542 3785 701 3838 rimantibus
718 3789 768 3840 Μ’.

296 3895 333 3946 19.
354 3893 488 3948 postremo
506 3880 612 3933 codices
625 3904 635 3934 s
649 3896 759 3952 postero
776 3883 891 3953 Lipsius.

293 3979 335 4028 ati.
353 3989 593 4044 perrumperrntur
610 3976 769 4044 Rhenanus:
787 3995 928 4050 prorumpe.
948 3979 1062 4032 codices.
