2862 4726
233 313 316 380 aaa
501 375 503 383 J
576 283 588 338 s
667 307 890 370 inuictum

105 503 132 576 (ι
149 495 389 579 C.32.)consules
407 496 537 562 edixere.
582 483 746 558 Silentium
767 497 861 577 ipsius
883 517 945 558 noo
966 497 1070 572 civile,
1097 503 1133 585 ut
1154 489 1292 552 credide·

252 615 323 684 rat,
345 604 399 666 sed
421 607 452 664 in
473 602 650 684 superbiam
664 602 882 684 accipiebatur.
978 651 981 668 ,
1086 609 1087 618 ’
1404 671 1405 676 ¹

333 712 410 777 Fine
433 715 506 772 anni
531 713 715 789 Geminius,
738 709 863 788 Celsus,
887 710 1068 792 Pompeius,
1091 709 1208 792 equites
1229 707 1339 790 lio-ll,

208 843 210 852 ¹
252 823 359 896 mani,
381 819 520 880 cecidere
546 819 763 880 coniurationis
794 817 942 894 crimine,
974 837 1008 878 ex
1036 815 1103 898 quis
1135 817 1292 878 Geminius

252 929 447 1012 prodigentia
464 947 557 1008 opum
580 948 616 988 oc
637 925 765 986 mollitia
786 925 868 986 vitae
899 925 1015 986 amicus
1047 925 1183 1000 Seiano,
1216 921 1324 988 nihils

253 1037 292 1100 ad
312 1038 433 1098 serium.
457 1033 517 1094 'Et
540 1031 642 1100 lulius¹
659 1032 765 1094 Celsus
793 1031 937 1098 tribunus
964 1031 996 1093 in
1027 1030 1138 1093 vinclis
1168 1031 1294 1094 laxatam
1404 1005 1405 1032 ¹

182 1201 183 1209 ,
252 1151 393 1204 catenam
414 1154 445 1206 et
463 1142 684 1204 circumdatam
705 1145 736 1202 in
757 1141 928 1204 diversum
941 1137 1090 1214 tendins,
1116 1162 1203 1201 suam
1234 1141 1295 1222 ipse

252 1255 403 1314 cervicem
425 1251 582 1334 perfregit.
627 1250 670 1310 At
691 1250 810 1311 Rubrio
831 1250 963 1326 Fabato,
985 1259 1134 1332 tanquam
1155 1250 1293 1330 despera-

252 1364 294 1424 tis
312 1363 403 1423 rebus
425 1359 570 1420 Romanis
595 1359 782 1420 Parthorum
812 1357 853 1420 ad
886 1359 1122 1420 misericordiam
1155 1359 1291 1439 fugeret,

233 1469 390 1535 ‘custodes
411 1468 515 1529 additi.
558 1469 637 1542 Sane
660 1467 684 1526 is
706 1477 845 1548 repertus
867 1467 947 1548 apud
969 1468 1079 1528 fretum
1096 1467 1219 1528 Siciliae
1239 1487 1288 1527 re·
1310 1479 1341 1517 1⁰

249 1586 425 1657 tractusque
447 1595 502 1656 per
522 1575 731 1634 centurionem
751 1618 760 1650 ,
783 1562 889 1634 nullas
905 1573 1078 1654 probabiles
1095 1563 1206 1636 'causes
1226 1573 1289 1634 lon-

250 1685 384 1766 ginquae
400 1681 658 1764 ¹peregrinationis
688 1678 844 1740 afferebat.
895 1681 1009 1742 Mansit
1039 1691 1142 1743 tamen
1176 1681 1291 1756 incolu-

120 1843 123 1850 .
250 1790 328 1870 mis,
354 1789 509 1852 oblivione
527 1793 623 1871 magis
645 1813 739 1872 quam
760 1788 932 1852 clementia.
1038 1833 1040 1841 ,

104 1897 163 1968 (Mt
182 1897 253 1970 qm.)
333 1900 441 1961 Servio
461 1897 558 1958 Galba
578 1885 675 1959 Lucio
687 1896 772 1959 Sulla
793 1898 967 1960 oonsulibus
988 1898 1041 1961 diu
1063 1900 1200 1981 quaesito
1220 1902 1340 1984 quosl5

103 2006 130 2070 (ὃ
148 2003 178 2056 C·
190 1999 245 2074 33ι)
257 2007 397 2090 neptibus
419 2009 480 2068 suis
507 2010 631 2070 maritos
665 2009 829 2068 destinaret
851 2009 964 2070 Caesar
975 2056 988 2084 ,
1011 2019 1174 2092 postquam
1205 2007 1293 2068 insta·
1313 2002 1345 2066 ii
1404 2019 1405 2034 ³

252 2117 308 2177 bat
329 2117 482 2199 virgiuum
505 2127 608 2192 aetas,
634 2117 773 2175 ¹Lucium
803 2117 941 2186 Cassium
978 2104 1117 2180 Marcum
1144 2115 1295 2177 Vinicium
1404 2101 1405 2116 ¹

253 2221 336 2303 legit.
379 2222 501 2282 Vinicio
523 2223 711 2302 oppidanum
732 2243 847 2301 genus:
872 2221 996 2306 Calibus
1016 2236 1126 2302 ortus,
1144 2236 1231 2308 patre
1254 2231 1295 2282 at·

255 2352 315 2413 que
333 2351 391 2391 avo
415 2331 647 2403 consularibus,
670 2339 772 2405 cetera
792 2335 923 2412 equestri
945 2333 1064 2395 familia
1093 2345 1185 2412 erat,
1202 2329 1294 2394 initis

254 2439 377 2520 ingenio
400 2450 430 2498 et
450 2447 588 2518 comptae
609 2435 781 2516 famudiae.
803 2439 924 2500 Cassius
948 2439 1058 2522 plebeii
1071 2441 1187 2501 Romae
1208 2456 1294 2520 gene·

253 2527 305 2626 ris,
328 2569 438 2608 verum
460 2544 577 2628 antiqui
599 2543 819 2627 honoratique,
843 2557 872 2607 et
893 2567 1001 2608 severa
1021 2549 1118 2628 patris
1139 2547 1293 2628 disciplina
1310 2556 1343 2598 ao

254 2654 382 2715 eductus
406 2653 552 2714 facilitate
575 2653 696 2734 saepius
716 2675 808 2742 quam
826 2654 981 2717 industria
1012 2654 1291 2716 commendabatur.

145 2767 146 2774 ’
254 2759 334 2820 Huic
356 2758 549 2829 Drusillam,
571 2758 694 2820 Vinicio
730 2759 840 2822 Iuliam
870 2761 1053 2822 Germanico
1083 2760 1201 2842 genitas
1227 2779 1294 2832 con·
1329 2827 1331 2834 Ι

207 2878 209 2887 ⁴
253 2867 375 2949 iungit3
399 2887 552 2947 superque
574 2887 609 2926 ea
630 2886 663 2926 re
693 2868 812 2926 senatui
833 2867 974 2947 scripsit,
997 2865 1059 2926 leri
1091 2855 1164 2927 cum
1186 2869 1295 2928 honore
1393 2923 1397 2934 ,

253 2975 411 3037 iuvenum·
453 2970 531 3030 Dein
554 2972 686 3034 redditis
706 2973 862 3033 absentiae
883 2973 983 3034 causis
1000 2971 1165 3032 admodum
1195 2971 1292 3053 vagis,

254 3081 338 3144 flexit
359 3079 398 3140 ad
419 3081 557 3162 graviora
581 3091 612 3142 et
631 3081 811 3142 ostensiones
833 3065 875 3140 bb
893 3102 958 3141 rem
979 3072 1135 3163 publicam
1156 3091 1289 3162 coeptas,
1309 3073 1343 3136 25

256 3201 352 3274 utque
369 3191 476 3250 Macro
487 3189 661 3269 praelectus
674 3189 929 3271 tribunorumque
944 3201 973 3250 et
987 3193 1206 3252 centurionum
1226 3205 1293 3268 pau·

255 3303 283 3360 ci
303 3317 406 3360 secum
428 3293 777 3380 introirent,'quotiens
811 3299 926 3374 curiam
957 3300 1189 3380 ingrederetur,
1216 3291 1313 3378 ‘peti--

256 3412 311 3469 vit.
339 3409 496 3486 Factaque
517 3406 600 3489 large
623 3419 653 3468 et
677 3409 745 3468 siue
766 3387 1005 3490 praescriptione
1028 3411 1144 3490 generis
1167 3411 1220 3465 aut
1238 3419 1310 3470 ων.

214 3515 218 3520 “
261 3515 339 3574 meri
363 3521 490 3572 senatus
512 3509 672 3608 cousult'p,
694 3529 734 3575 ne
752 3525 833 3576 tecta
854 3513 980 3595 quidem
1001 3505 1111 3590 urbis,*
1132 3514 1208 3576 adeo
1228 3503 1298 3592 puh-

254 3660 518 3676 ν-ω--κ--υ--α-

329 3756 385 3791 ιο.
408 3720 480 3790 anius
499 3739 544 3791 M:
563 3758 629 3792 sorte
650 3743 674 3792 is
693 3741 838 3792 Mercrius.

330 3853 378 3904 ¹9«
397 3835 487 3906 plebei
505 3836 599 3903 vulgo:
616 3835 716 3902 plebeii
739 3834 886 3882 Broterius.
977 3825 980 3844 '
1172 3841 1187 3876 ο

329 3934 374 3989 23.
396 3929 519 4006 scripsitl
542 3928 639 3982 scirbit
660 3923 808 3981 uellerea
