2900 4706
242 267 317 335 '410
595 296 600 302 ·
658 265 884 330 annutritus
930 269 934 275 ’

17 525 18 542 ¹
109 447 136 514 (ι
152 443 415 520 C.62,)memorat.
454 450 523 508 Non
549 471 603 525 se,
624 461 659 510 ut
672 451 825 530 Burrum,
856 454 990 515 diversas
1015 475 1079 534 spes
1107 451 1160 512 sed
1183 433 1284 512 selein

145 562 147 566 ’
260 555 497 618 incolumitatem
511 559 650 619 -Neronis
671 572 824 640 spectare3
853 563 902 622 cui
932 563 1033 622 caveri
1065 571 1220 639 ntcrruque
1245 559 1288 618 ab

261 665 388 724 urbanis
407 667 729 747 insidiis'praeseutia:
752 666 932 751 longinquos
953 679 1049 731 motus
1062 687 1196 748 quonam
1219 685 1286 724 mo·

261 771 301 830 do
321 773 478 854 comprimi
501 779 610 855 posse?
632 775 756 834 Erectus
768 776 883 836 Gallias
896 776 934 835 ad
957 773 1284 847 nomendicrnoriam,
1332 763 1334 765 ⁵

261 901 318 940 nec
338 883 439 940 min'us
458 893 612 962 suspectos
632 882 722 942 Asiae
749 883 874 964 populos
905 883 1088 943 claritudine
1109 882 1159 942 avi
1181 879 1285 938 Dnrsi.
1312 872 1330 933 5

261 987 375 1049 Sullam
395 992 540 1068 inopem,
566 987 646 1048 unde
682 991 875 1069 praecipuam
907 989 1082 1063 audaciam,
1105 997 1134 1046 et
1161 983 1285 1045 simula·

259 1104 358 1153 torem
379 1098 532 1178 segnitiae,
555 1095 628 1155 dum
648 1098 809 1156 temeritati
830 1096 930 1156 locum
943 1095 1099 1176 reperiret.
1141 1094 1285 1155 Plautum

260 1205 373 1282 magnis
394 1204 501 1284 opibus
523 1203 688 1284 nelingere
708 1205 832 1286 quidem
858 1205 1028 1284 cupidinem
1048 1201 1123 1279 otii,
1153 1201 1206 1262 sed
1229 1221 1284 1262 ve-

259 1317 358 1368 lerum
377 1311 586 1372 Romanorum
609 1312 794 1370 imitamenta
816 1311 985 1394 praeferre,
1013 1319 1163 1390 assumpta
1190 1309 1284 1366 miani

258 1415 426 1477 Stoicorum
443 1421 615 1500 arrogantia
645 1429 807 1500 sectaque,
837 1441 915 1500 quae
935 1417 1076 1479 turbidos
1094 1427 1131 1477 et·
1149 1417 1285 1496 negotio-
1308 1425 1344 1465 ¹⁰

258 1543 327 1586 rum
349 1537 525 1608 appetentes
542 1527 643 1587 faciat.
687 1528 746 1588 Nee
767 1527 846 1588 ultra
870 1547 967 1590 ruore.
1018 1525 1103 1586 Sulla
1122 1535 1209 1586 sexto
1235 1523 1286 1584 dle

256 1637 408 1715 pervectis
426 1633 594 1696 Massiliam
608 1635 834 1714 percussoribus
849 1608 928 1694 “ante
944 1645 1057 1694 metum
1079 1643 1109 1722 et
1131 1649 1286 1690 rumorem

257 1742 462 1818 interficitur,
492 1761 562 1803 cum
591 1739 732 1822 epulandi
753 1761 842 1801 causa
877 1740 1093 1800 discumberet.
1145 1737 1286 1798 Relatum

259 1861 351 1930 caput
373 1849 437 1910 eius
458 1849 552 1908 illusit
575 1849 676 1926 Nero,
711 1857 855 1930 tanquam
876 1859 1071 1930 praematura
1103 1848 1214 1908 canitie
1232 1846 1286 1906 de-

258 1957 366 2018 forme.
408 1956 520 2016 Plauto
547 1957 646 2034 pareri
667 1975 768 2040 necem
789 1977 852 2015 nou
878 1955 1007 2036 perinde
1026 1955 1180 2016 occultum
1206 1949 1348 2030 fuit‚58

260 2066 331 2147 quia
353 2065 492 2146 pluribus
513 2065 594 2124 salus
616 2068 681 2124 eius
700 2067 886 2140 curabatur3
911 2077 941 2125 et
961 2063 1091 2143 spatium
1108 2061 1225 2122 itineris
1254 2081 1290 2122 ae

238 2173 351 2230 ‘maris
370 2181 548 2249 tempusque
576 2169 768 2230 interiectum
795 2146 948 2230 moverat*
966 2169 1102 2248 samam3
1134 2157 1291 2249 vulgoque

259 2275 412 2356 fingebant
431 2277 558 2356 petitum
578 2276 617 2334 ab
640 2297 677 2334 eo
707 2277 936 2347 Corbulonem,
960 2277 1076 2357 magnis
1097 2285 1163 2336 tum
1178 2276 1291 2334 exerci-

259 2380 343 2444 tibus
364 2380 583 2462 praesidentem
605 2391 653 2459 et,
674 2383 699 2440 si
719 2381 794 2441 clari
815 2393 907 2463 atque
926 2384 1058 2444 insontes
1079 2382 1290 2442 interficeren-

177 2569 179 2575 .
215 2551 220 2560 ,
260 2471 332 2561 tur,
354 2489 555 2570 praecipuum
579 2487 616 2547 ad
638 2486 806 2569 pericula·
827 2489 908 2567 Quiu
930 2501 961 2550 et
979 2490 1081 2548 Asiam
1108 2487 1215 2548 lavore
1243 2490 1290 2548 iu·
1309 2498 1348 2540 20

261 2599 346 2656 venis
366 2617 452 2656 erma
473 2599 604 2676 cepisse,
627 2619 682 2657 nec
705 2597 814 2656 milites
844 2597 881 2656 ad
904 2597 1000 2656 scelus
1031 2596 1136 2656 missos
1158 2606 1212 2655 aut
1232 2617 1290 2654 nu-

260 2690 344 2764 mero
364 2703 481 2766 validos
505 2716 557 2765 aut
580 2705 680 2765 animo
702 2717 874 2787 promptos,
896 2715 1055 2786 postquam
1076 2705 1155 2763 iussa
1174 2701 1291 2762 efficere

262 2815 472 2894 nequiverint,
494 2813 534 2872 ad
558 2835 623 2894 spes
649 2833 745 2890 novas
774 2814 925 2876 transisse.
979 2811 1067 2870 Vana
1102 2809 1176 2869 haec
1205 2829 1291 2869 more
1392 2785 1397 2794 ¹

173 2957 175 2970 ·
262 2920 360 2980 famae
383 2919 570 2980 credentium
593 2921 872 3000 otioaugebantur.
894 2920 1034 2985 Ceterum
1050 2917 1178 2979 libertus
1191 2905 1291 2976 Plauti

206 3003 210 3016 ,
262 3018 416 3086 celeritate
449 3016 608 3086 ventorum
645 3028 802 3106 praevenit
830 3026 1060 3102 centurionem,
1092 3035 1123 3084 et
1150 3003 1290 3084 mandata
1309 3019 1349 3080 25

263 3135 349 3197 Lucii
364 3134 484 3196 Antistii
496 3135 588 3194 soceri
599 3131 717 3193 attulit:
733 3130 879 3214 effugeret
895 3151 1016 3212 segnem
1029 3140 1172 3207 mortem,
1195 3131 1292 3190 otium

353 3327 375 3376 l
393 3324 587 3392 praesentiora
604 3322 713 3376 eflusa:
741 3322 899 3393 praesentia
926 3320 1095 3374 Puteolanus.
1122 3319 1147 3376 b.
1178 3333 1292 3388 suspen·

172 3449 175 3456 ι
265 3435 309 3472 sos
329 3419 444 3487 Lipsius.
811 3396 816 3400 “
1176 3393 1178 3400 ¹

257 3567 261 3576 ,
341 3530 378 3564 ιι.
396 3529 487 3564 moras
503 3512 565 3575 M⁸,
583 3519 611 3562 ct
631 3512 669 3564 13,
683 3511 819 3579 prelatum
839 3515 867 3559 et
889 3511 926 3562 15.
945 3509 1060 3578 plautio.

340 3624 378 3674 ¹7·
390 3607 473 3676 sema
491 3606 540 3656 Mu.
558 3585 629 3659 Dein
652 3626 689 3676 ¹9·
706 3618 744 3664 et,
760 3607 786 3656 si
802 3605 956 3658 Ernestius:
977 3616 1003 3655 et
1022 3603 1071 3656 Me

335 3714 368 3751 πο
395 3720 464 3767 asya
484 3701 533 3762 Me,
554 3708 580 3751 et
601 3700 641 3753 nd.
661 3703 832 3754 transissent.

334 3797 367 3846 2³
392 3811 468 3845 vana
488 3794 670 3855 Boxhomius,
689 3802 715 3844 et
740 3793 910 3870 augebantur
932 3790 1059 3844 Medius:
1094 3790 1200 3842 codices
1218 3805 1290 3850 aaa,

212 3951 216 3958 Δ
270 3897 296 3941 et
314 3890 473 3958 agebantur.
509 3889 572 3940 Mox
593 3892 634 3946 26.
652 3887 768 3958 effugere
789 3885 838 3940 Μ’.
