2900 4706
459 299 547 386 uu
568 301 636 367 xv.
679 301 764 364 car.
791 279 923 372 s'u-su.
1028 377 1032 386 ,
1147 309 1209 378 tls

136 473 435 552 58cxcubiis=semet
455 484 617 562 saepsisset.
667 483 748 558 Quin
778 485 952 560 etnubem,
972 507 1028 566 por
1050 488 1360 567 mnirtputosussffi)
1444 487 1445 560 {

193 588 343 666 occupatis
364 590 536 667 moenibus,
553 593 669 648 insesso
683 592 772 648 etiam
793 591 870 648 mari
893 601 922 649 et
944 586 1050 666 amne,
1079 592 1160 651 velut
1185 595 1215 652 in
1241 626 1245 632 ·
1443 567 1445 580 .

195 697 361 758 custodiam
390 698 482 758 dedit.
524 697 760 776 Volitabantquc
779 715 835 776 per
857 697 934 772 fora,
957 717 1011 776 per
1029 697 1149 772 domos,
1170 719 1218 756 ru·

195 820 229 862 ra
249 821 375 886 qnoque·
399 817 429 865 et
458 808 594 887 proxima
623 803 866 892 municipiorum⁸
880 803 996 884 pedites
1023 803 1218 885 equitesque,

157 911 174 972 5
193 913 329 989 permixti
350 915 532 988 Germanis,
551 911 664 993 quibus·
679 911 790 970 fidebat
812 910 952 991 princeps
971 912 1055 992 quasi
1076 910 1215 969 externis.

194 1014 345 1078 Cuntinus
365 1017 437 1078 hinc
450 1019 487 1080 'et
503 1020 607 1078 iuncta
628 1021 746 1100 agmine
770 1010 847 1076 trahi
864 1039 899 1077 ac
923 1017 1036 1076 foribus
1054 1017 1218 1076 hortorum

191 1125 338 1184 adiacere.
383 1129 480 1205 Atque
499 1128 551 1186 ubi
570 1126 729 1188 dicendam
751 1127 788 1184 ad
808 1144 930 1186 causam
951 1125 1142 1198 introissent,
1157 1123 1218 1184 lae—

191 1243 288 1290 tatum
310 1249 379 1312 erga
404 1236 595 1310 coniuratos,
616 1235 667 1294 scd
689 1233 847 1292 fortuitus
870 1252 971 1291 sermo
1001 1240 1031 1290 et
1051 1231 1142 1290 subiti
1164 1254 1219 1289 oc·
1329 1305 1334 1312 Α

191 1355 314 1414 cursus,
340 1338 364 1397 si
385 1338 573 1414 convivium,
595 1341 617 1398 si
641 1337 843 1417 spectaculum
878 1338 966 1398 simul
998 1338 1139 1409 inissent,
1163 1358 1219 1416 pro

138 1431 173 1505 t'o
194 1441 322 1502 crimine
354 1444 471 1523 accipi,
498 1461 566 1501 cum
597 1459 687 1522 super
718 1437 849 1499 Neronis
884 1461 919 1498 ac
946 1437 1086 1521 Tigellini
1117 1465 1220 1504 saevas

193 1551 456 1634 percunctationes
485 1549 598 1608 Fenlns
618 1569 739 1630 quoque
773 1547 869 1608 Rufus
901 1539 1046 1607 uiolenter
1077 1535 1217 1627 urgeret,

190 1657 328 1716 nondum
349 1657 388 1716 ab
416 1655 566 1717 indicibus
586 1657 772 1728 nominatus,
809 1655 859 1714 sed
879 1676 941 1736 quo
965 1653 1054 1713 fidem
1084 1653 1221 1716 inscitiae

83 1805 92 1819 ,
190 1775 335 1844 pareret,
357 1774 440 1822 atrox
460 1763 604 1838 adversus
625 1765 730 1828 socios.
773 1763 857 1822 Idem
890 1761 999 1820 Subrio
1020 1759 1117 1819 Flavo
1143 1759 1218 1820 assi.

190 1868 282 1929 stenti
318 1865 548 1952 adnuentique,
587 1889 626 1930 sn
663 1871 743 1930 inter
781 1871 876 1950 ipsein
930 1867 1131 1947 cognitionem
1165 1867 1221 1926 de·
1285 1868 1296 1874 ’
1404 1938 1410 1952 ⁸

140 1981 174 2042 ¹5
192 1978 353 2057 stringeret
396 1976 528 2057 gladium
567 1975 749 2057 caedemque
785 1984 941 2055 patraret,
967 1975 1086 2034 renuit
1124 1972 1219 2032 infre·
1297 1992 1306 1999 ·

132 2076 294 2165 59gitque
311 2085 462 2166 impetum
488 2085 548 2141 iam
569 2099 692 2142 mannan
714 2082 753 2141 ad
784 2081 927 2162 capulum
941 2079 1124 2144 referentia·
1155 2079 1220 2140 Fu-

190 2207 241 2252 ere
283 2187 338 2273 'qui
370 2190 492 2270 prodite
523 2189 757 2266 coniuratione,
790 2187 863 2249 dum
898 2188 1023 2248 auditur
1055 2186 1218 2263 Milichus,

188 2293 261 2358 dum
301 2295 421 2356 dubitat
460 2271 642 2370 Scaeiinns,
683 2295 882 2356 ¹hortarentur
920 2297 1060 2354 Pisonem
1081 2293 1220 2374 'pergere

190 2403 221 2461 in
251 2411 347 2460 castra
372 2410 425 2459 eut
465 2407 564 2459 rostra
605 2399 789 2475 escendere,
826 2398 985 2479 studiaque
1023 2399 1154 2481 militum
1188 2371 1234 2462 et«

133 2513 173 2586 ²9
190 2503 295 2586 populi
324 2514 450 2562 tentare.
495 2503 527 2561 Si
551 2503 710 2562 conatibus
729 2505 793 2562 eins
823 2505 933 2565 conscii
960 2517 1217 2586 aggregarentur,

190 2622 345 2674 secuturos
366 2611 455 2670 etiam
485 2610 632 2688 integros;
660 2629 859 2688 magnamque
891 2622 989 2670 motae
1014 2614 1058 2670 rei
1084 2612 1218 2689 famam,
1270 2605 1272 2612 ¹

193 2737 271 2801 quae
291 2715 458 2800 plurimum
480 2716 513 2774 in
536 2715 622 2773 novis
641 2713 772 2772 consiliis
794 2712 918 2774 valeret.
961 2716 1041 2776 Nihil
1057 2717 1220 2779 adversum

190 2825 266 2884 haec
289 2820 402 2880 Neroni
416 2819 582 2899 provisum.
625 2808 727 2878 Etiam
748 2819 840 2879 fortes
861 2823 942 2880 viros
973 2822 1078 2883 subitis
1097 2828 1220 2904 terreri,

192 2931 303 2991 nedum
326 2927 377 2988 ille
397 2929 543 3003 scenicus,
565 2923 713 3006 Tigellino
745 2925 856 2986 scilicet
878 2948 948 2988 cum
976 2929 1132 3009 pellicibus
1148 2935 1218 2994 suis
1247 2944 1249 2948 ’
1342 2935 1346 2944 ’

135 3033 174 3096 25
193 3041 375 3113 comitante,
410 3054 493 3093 arma
515 3041 624 3093 contra
658 3034 763 3092 cieret.
815 3034 912 3094 Multa
941 3039 1122 3117 experiendo
1147 3063 1217 3101 con.

108 3173 111 3180 ·
193 3148 278 3224 lieri,
315 3161 391 3224 quae
420 3141 561 3222 segnibus
588 3137 684 3199 ardua
715 3140 883 3200 videantur.
944 3119 1075 3221 Frustra
1103 3147 1217 3208 silenti·

193 3273 246 3314 um
269 3264 298 3312 et
319 3251 407 3310 fidem
429 3251 460 3307 in
485 3258 531 3308 tot
551 3247 743 3308 consciorum
765 3250 869 3307 animis
896 3260 928 3308 et
950 3252 1126 3332 corporibus
1150 3275 1218 3335 spe-

194 3358 276 3423 rari:
296 3359 446 3420 ¹cruciatui
467 3366 520 3416 aut
541 3357 676 3436 praemio
694 3365 806 3416 cuncta
826 3361 933 3436 pervio
951 3379 1021 3420 esse.
1064 3360 1218 3423 Venturos

193 3469 247 3551 qui
268 3470 366 3548 ipsum
387 3484 510 3547 quoque
528 3463 687 3552 vincirent,
707 3474 858 3543 postremo
879 3463 1002 3545 indigna
1025 3489 1099 3530 nece
1118 3465 1218 3530 affice-

139 3568 180 3630 30
197 3587 275 3639 rent.
303 3577 424 3653 Quanto
445 3571 626 3632 laudabilius
643 3570 824 3648 periturum,
848 3571 920 3635 dum
940 3559 1133 3656 amplectitur
1152 3597 1217 3640 tem

266 3897 308 3950 η,
327 3898 436 3950 merare
455 3882 506 3940 Μ’,
528 3888 555 3932 et
574 3899 615 3948 29.
634 3881 785 3931 uincerent¹
