2862 4726
231 297 292 360 272
640 287 866 350 ANNALIUM

303 499 378 551 llaec
392 505 468 570 gesta
486 500 565 552 suuis
584 497 642 550 iere
662 499 791 562 duobos,
811 499 883 552 Gaio
908 499 1018 552 Valerio
1036 500 1158 552 Asiatico
1180 500 1271 554 llam

231 597 343 652 Valerio
360 595 494 660 Messala,
512 595 583 649 Aulo
601 594 717 648 Vitellio
733 595 821 649 Lucio
837 596 971 666 Vipstano
990 597 1161 652 consulibus.

601 797 901 811 ffl-

73 927 116 1098 l:
124 925 231 1102 υσθὲ),
312 1033 331 1068 a
355 1027 427 1068 nam
454 1006 616 1068 Valerium
646 1007 829 1082 Asiaticum,
873 1003 922 1066 bis
962 1004 1140 1084 consulem,
1180 1003 1273 1070 fuisse

229 1115 387 1198 quondam
405 1114 581 1176 adulterum
596 1116 660 1176 eius
673 1115 825 1192 credidit;
840 1116 1017 1196 pariterque
1030 1115 1128 1176 hortis
1140 1113 1272 1188 inhians,

229 1247 307 1307 quos
327 1225 378 1285 ille
398 1246 417 1282 a
433 1224 562 1286 Lucullo
581 1234 705 1304 coeptos
725 1225 839 1306 insigni
860 1224 1084 1304 magnificentia
1100 1222 1273 1296 extollebat,

230 1332 375 1396 Suillium
393 1331 570 1396 accusandis
592 1335 731 1416 utrisque
761 1331 898 1392 immitit.
951 1333 1138 1414 Adiungitur
1159 1327 1276 1392 Sosibi-

156 1438 166 1454 “
231 1463 268 1504 us
288 1442 459 1504 Britannici
479 1443 640 1519 educator,
662 1443 716 1524 qui
736 1462 791 1524 per
811 1443 942 1522 speciem
966 1439 1189 1502 benivolentiae
1206 1445 1311 1510 mo·6

227 1563 315 1614 neret
334 1552 498 1616 Claudium
519 1573 629 1614 cavere
651 1554 715 1611 vim
736 1561 828 1632 atque
849 1572 922 1631 opes
953 1550 1141 1632 principibus
1172 1550 1276 1611 inlen-

228 1682 296 1738 sas3
317 1662 519 1742 praecipuum
537 1671 697 1732 auctorem
717 1659 887 1720 Asiaticum
901 1659 1105 1720 interficiendi
1124 1661 1274 1738 Caesaris,

230 1789 294 1828 nou
315 1767 488 1830 extimuisse
508 1771 689 1830 concionem
709 1767 816 1849 populi
839 1768 980 1844 Romani,
1001 1768 1107 1843 satem,
1130 1766 1276 1850 gloriam-

229 1896 291 1958 que
311 1875 455 1936 facinoris
475 1872 558 1936 ultro
574 1887 704 1957 petere;
726 1875 845 1936 clarum
880 1898 916 1938 ex
938 1897 975 1936 co
997 1877 1030 1936 in'
1049 1875 1153 1958 urbe,
1179 1877 1276 1940 didita

230 2005 289 2067 per
310 1983 483 2065 provincias
507 1985 610 2056 sama,
632 2005 741 2064 parare
760 1986 819 2044 iter
832 1984 872 2044 ad
894 1987 1092 2048 Germanicos
1112 1990 1274 2067 exercitus,
1299 2013 1331 2052 ro

230 2091 355 2174 quando
380 2077 501 2171 genitus
519 2091 661 2150 Viennae
682 2091 847 2174 multisque
877 2102 910 2154 et
938 2094 1048 2157 validis
1068 2099 1278 2180 propinquita-

112 2249 119 2264 ,
231 2199 316 2259 tibus
333 2199 477 2258 subnixus
498 2197 626 2256 turbare
637 2196 764 2279 gentiles
788 2197 929 2260 nationes
948 2212 1123 2283 promptum
1137 2203 1277 2272 haberet.

233 2310 275 2368 At
297 2305 444 2366 Claudius
462 2303 539 2364 nihil
558 2305 639 2364 ultra
654 2316 830 2382 scrutatus,
850 2309 919 2367 citis
939 2330 1010 2368 cum
1035 2310 1184 2374 militibus
1207 2324 1280 2375 tan·
1408 2258 1413 2389 l

233 2437 328 2498 quam
358 2413 561 2496 opprimendo
587 2412 669 2474 bello
698 2414 877 2496 Crispinum
911 2419 1060 2500 praetorii
1093 2421 1280 2502 praelectum

235 2527 345 2599 misit3
369 2543 388 2582 a
407 2545 470 2606 quo
491 2535 628 2606 repertus
653 2533 701 2584 est
723 2525 808 2606 apud
833 2527 939 2600 Baias,
973 2528 1145 2612 vinclisque
1173 2533 1278 2594 inditis
1298 2539 1328 2601 15

235 2633 268 2692 in
288 2630 400 2690 urbem
423 2641 537 2712 raptus,
579 2631 688 2712 Neque
712 2631 786 2692 data
805 2643 931 2694 senatus
951 2638 1058 2715 copia:
1091 2638 1173 2702 intra
1193 2638 1304 2719 cubi-2

236 2738 340 2799 culum
358 2735 501 2813 auditur,
532 2737 694 2798 Messalina
713 2761 837 2818 eoram,
859 2751 890 2801 et
913 2741 1024 2802 Suillio
1051 2749 1278 2826 corruptionem

235 2848 387 2923 militum,
405 2867 482 2930 quos
499 2846 629 2928 pecunia
650 2858 681 2906 et
699 2858 806 2928 stupro
823 2849 855 2908 in
875 2853 961 2910 omni
982 2851 1099 2934 flagitio
1121 2855 1279 2918 obstrictos

135 3031 139 3038 Ι
183 3043 187 3056 ι
237 2957 412 3038 arguebat,
434 2957 502 3014 exin
527 2953 715 3014 adulterium
735 2955 916 3037 Poppaeae,
941 2980 978 3018 ac
998 2973 1184 3042 postremum
1204 2964 1279 3024 mol-

236 3063 335 3126 litiam
355 3065 494 3143 corporis
514 3062 698 3126 obiectante.
741 3065 791 3124 Ad
812 3065 896 3146 quod
920 3068 1004 3128 victo
1020 3069 1141 3132 silentio
1169 3093 1277 3154 proru-
1295 3095 1329 3136 no
1413 3097 1415 3150 γ

295 3376 300 3388 ”
325 3375 352 3426 6.
372 3375 467 3428 caveri
483 3373 542 3428 Mt:
561 3392 659 3429 coum
678 3373 712 3424 G.
732 3403 766 3414 -
783 3382 890 3442 caveri,
909 3397 1066 3451 quanquam
1081 3383 1106 3430 ι’
1118 3384 1192 3438 libro
1209 3387 1280 3455 opti·

241 3486 287 3520 mo
309 3467 465 3522 exhibitum
485 3476 514 3518 et
532 3487 548 3520 a
566 3471 708 3522 Walthero
727 3472 957 3538 commendatum,
975 3492 1031 3527 nou
1052 3486 1146 3546 aptum
1164 3489 1207 3534 est
1227 3483 1278 3534 loci

243 3567 414 3621 seutentiaez
432 3582 495 3615 nam
515 3581 547 3616 ea
565 3566 642 3617 verbi
660 3567 746 3618 forma
755 3567 880 3621 Sosibius
898 3571 1034 3624 indicaret
1052 3574 1200 3648 vimatque
1217 3593 1279 3648 opes

243 3635 415 3728 principibus
429 3659 550 3711 infensas
561 3660 641 3729 vulgo
657 3660 692 3710 ab
707 3661 867 3715 hominibus
885 3670 972 3717 caveri
982 3685 1012 3719 ac
1020 3673 1168 3738 provideri:
1187 3691 1277 3725 verum

242 3751 297 3804 iste
313 3759 407 3802 mouet
424 3752 587 3815 Claudium,
605 3755 661 3804 ut'
654 3771 713 3823 ipse
731 3765 824 3808 caveat
841 3760 895 3810 vim
906 3768 990 3833 atque
1007 3783 1073 3836 opes
1090 3769 1145 3820 siti
1163 3769 1225 3839 (hoc
1238 3779 1278 3820 est

243 3845 314 3899 illud
330 3847 518 3918 principibus)
535 3847 661 3900 infensas.

316 3960 356 4000 ta.
375 3942 474 3996 labere
490 3941 541 3994 Ma,
